08-07-2020,11:39:26,	-0.015602	,	-0.316634	,	-0.013313	,	-0.017274	,	-1.058378	,	2.687864	,	-0.009519	,	0.408736	,	-637.114190	,	1.855354	,	835.763732	,	-16.482075	,	0.441371	,
08-07-2020,11:39:27,	-0.017990	,	-0.321560	,	-0.013478	,	-0.015529	,	-1.054372	,	2.693336	,	-0.007633	,	0.408973	,	-637.127557	,	2.520780	,	832.363503	,	-16.231862	,	0.441287	,
08-07-2020,11:39:28,	-0.017151	,	-0.319804	,	-0.014978	,	-0.016421	,	-1.052050	,	2.693711	,	-0.008075	,	0.407171	,	-637.138000	,	2.104732	,	831.900253	,	-16.463278	,	0.441811	,
08-07-2020,11:39:29,	-0.016920	,	-0.323248	,	-0.012017	,	-0.015114	,	-1.055910	,	2.699793	,	-0.009290	,	0.407974	,	-637.142595	,	1.542065	,	832.866436	,	-16.324595	,	0.441963	,
08-07-2020,11:39:30,	-0.014591	,	-0.323717	,	-0.016711	,	-0.016304	,	-1.054585	,	2.696319	,	-0.011199	,	0.408708	,	-637.115443	,	2.169896	,	840.813951	,	-16.437379	,	0.441379	,
08-07-2020,11:39:31,	-0.015547	,	-0.327936	,	-0.011933	,	-0.014512	,	-1.047820	,	2.682538	,	-0.007819	,	0.406724	,	-637.139671	,	2.034555	,	828.818325	,	-16.389342	,	0.441044	,
08-07-2020,11:39:32,	-0.017020	,	-0.328378	,	-0.011482	,	-0.013291	,	-1.049780	,	2.685808	,	-0.007988	,	0.407978	,	-637.139671	,	1.901721	,	835.934162	,	-16.721428	,	0.441383	,
08-07-2020,11:39:33,	-0.014340	,	-0.321227	,	-0.016030	,	-0.015741	,	-1.051493	,	2.688389	,	-0.011812	,	0.406292	,	-637.141759	,	2.842006	,	831.498825	,	-16.693859	,	0.441574	,
08-07-2020,11:39:34,	-0.015702	,	-0.323311	,	-0.012080	,	-0.018897	,	-1.047629	,	2.690811	,	-0.009230	,	0.407475	,	-637.164316	,	1.782253	,	836.239514	,	-16.587758	,	0.441549	,
08-07-2020,11:39:34,	-0.014737	,	-0.323814	,	-0.008644	,	-0.016192	,	-1.050930	,	2.685291	,	-0.009404	,	0.405591	,	-637.129228	,	2.464388	,	836.791320	,	-16.435291	,	0.442510	,
08-07-2020,11:39:35,	-0.015833	,	-0.316580	,	-0.010905	,	-0.016217	,	-1.048038	,	2.688076	,	-0.010329	,	0.406794	,	-637.141759	,	2.535818	,	829.518421	,	-16.223090	,	0.442733	,
08-07-2020,11:39:36,	-0.017620	,	-0.320598	,	-0.012452	,	-0.017981	,	-1.044030	,	2.696120	,	-0.007000	,	0.405315	,	-637.144683	,	2.784778	,	831.913202	,	-17.386854	,	0.442744	,
08-07-2020,11:39:37,	-0.018767	,	-0.319285	,	-0.017965	,	-0.013843	,	-1.047681	,	2.709042	,	-0.004892	,	0.404740	,	-637.142595	,	1.826532	,	831.690558	,	-16.593606	,	0.442491	,
08-07-2020,11:39:38,	-0.017651	,	-0.322774	,	-0.015017	,	-0.015173	,	-1.047373	,	2.692953	,	-0.009589	,	0.405215	,	-637.129228	,	2.386692	,	838.719509	,	-16.344228	,	0.442962	,
08-07-2020,11:39:39,	-0.016286	,	-0.324177	,	-0.009313	,	-0.016224	,	-1.050986	,	2.695303	,	-0.008938	,	0.405065	,	-637.128392	,	1.181574	,	830.227708	,	-16.668795	,	0.442038	,
08-07-2020,11:39:40,	-0.015500	,	-0.318959	,	-0.014343	,	-0.012894	,	-1.058658	,	2.696704	,	-0.008982	,	0.406732	,	-637.121709	,	2.718361	,	835.051105	,	-17.030540	,	0.442629	,
08-07-2020,11:39:41,	-0.015018	,	-0.316970	,	-0.010171	,	-0.012956	,	-1.060147	,	2.689311	,	-0.010197	,	0.405895	,	-637.132987	,	1.996961	,	841.529920	,	-16.602378	,	0.443100	,
08-07-2020,11:39:42,	-0.018898	,	-0.308694	,	-0.017383	,	-0.014800	,	-1.061081	,	2.699230	,	-0.008621	,	0.404353	,	-637.159721	,	2.203732	,	837.138862	,	-16.350494	,	0.443613	,
08-07-2020,11:39:43,	-0.016722	,	-0.307423	,	-0.018393	,	-0.015128	,	-1.067154	,	2.705821	,	-0.010042	,	0.403695	,	-637.124215	,	2.268060	,	830.089861	,	-16.754428	,	0.443420	,
08-07-2020,11:39:44,	-0.018891	,	-0.312819	,	-0.017241	,	-0.014840	,	-1.057098	,	2.707081	,	-0.006457	,	0.407342	,	-637.140924	,	1.921354	,	834.267047	,	-16.540556	,	0.442832	,
08-07-2020,11:39:44,	-0.021837	,	-0.314494	,	-0.021256	,	-0.019721	,	-1.058952	,	2.702874	,	-0.007332	,	0.403038	,	-637.127557	,	2.763057	,	835.412013	,	-16.621176	,	0.442804	,
08-07-2020,11:39:45,	-0.018938	,	-0.312857	,	-0.013226	,	-0.016042	,	-1.050764	,	2.694844	,	-0.006470	,	0.403808	,	-637.136747	,	2.023695	,	830.327960	,	-16.092344	,	0.443788	,
08-07-2020,11:39:46,	-0.016917	,	-0.309597	,	-0.009762	,	-0.011832	,	-1.053063	,	2.691049	,	-0.008174	,	0.404550	,	-637.153873	,	1.763874	,	830.484605	,	-16.152913	,	0.443568	,
08-07-2020,11:39:47,	-0.014780	,	-0.318542	,	-0.014603	,	-0.015752	,	-1.050245	,	2.698042	,	-0.006625	,	0.403931	,	-637.137582	,	2.122276	,	830.372238	,	-17.320854	,	0.443551	,
08-07-2020,11:39:48,	-0.018094	,	-0.314642	,	-0.012376	,	-0.011317	,	-1.051305	,	2.711301	,	-0.007361	,	0.404259	,	-637.125468	,	2.137314	,	837.716567	,	-16.826693	,	0.444209	,
08-07-2020,11:39:49,	-0.018545	,	-0.320035	,	-0.016835	,	-0.012734	,	-1.056478	,	2.690671	,	-0.010869	,	0.402700	,	-637.145101	,	1.836557	,	826.456962	,	-16.573138	,	0.444290	,
08-07-2020,11:39:50,	-0.015806	,	-0.316744	,	-0.018256	,	-0.018082	,	-1.057610	,	2.688294	,	-0.007709	,	0.405036	,	-637.148025	,	1.409231	,	832.199340	,	-16.515493	,	0.443571	,
08-07-2020,11:39:51,	-0.018024	,	-0.315302	,	-0.014836	,	-0.015420	,	-1.056296	,	2.684001	,	-0.007822	,	0.402877	,	-637.154291	,	2.003644	,	821.024531	,	-16.508392	,	0.444607	,
08-07-2020,11:39:52,	-0.017005	,	-0.316039	,	-0.014036	,	-0.014201	,	-1.052387	,	2.687896	,	-0.007548	,	0.404427	,	-637.135076	,	1.707482	,	831.688052	,	-16.944907	,	0.444394	,
08-07-2020,11:39:53,	-0.017184	,	-0.310358	,	-0.012631	,	-0.014762	,	-1.058685	,	2.681496	,	-0.007447	,	0.402124	,	-637.119620	,	1.841152	,	830.606161	,	-17.673409	,	0.444759	,
08-07-2020,11:39:54,	-0.016719	,	-0.312724	,	-0.011519	,	-0.015213	,	-1.053550	,	2.681209	,	-0.009162	,	0.403617	,	-637.122544	,	2.326541	,	837.577884	,	-16.928199	,	0.444766	,
08-07-2020,11:39:55,	-0.018040	,	-0.313000	,	-0.012604	,	-0.016073	,	-1.054331	,	2.691989	,	-0.007608	,	0.403622	,	-637.136329	,	1.808152	,	834.609576	,	-16.898541	,	0.444543	,
08-07-2020,11:39:55,	-0.017732	,	-0.309410	,	-0.014962	,	-0.015267	,	-1.053570	,	2.691154	,	-0.012400	,	0.403123	,	-637.145936	,	1.805228	,	829.393941	,	-16.863035	,	0.444299	,
08-07-2020,11:39:56,	-0.015774	,	-0.311229	,	-0.013709	,	-0.017817	,	-1.053232	,	2.691518	,	-0.007909	,	0.401065	,	-637.136329	,	2.332389	,	835.966326	,	-16.583999	,	0.446150	,
08-07-2020,11:39:57,	-0.016583	,	-0.308380	,	-0.014102	,	-0.015453	,	-1.057614	,	2.691721	,	-0.007033	,	0.402054	,	-637.122962	,	3.118118	,	825.193363	,	-17.012996	,	0.444548	,
08-07-2020,11:39:58,	-0.018713	,	-0.307794	,	-0.012182	,	-0.009681	,	-1.060706	,	2.683935	,	-0.008343	,	0.404510	,	-637.140088	,	2.087188	,	830.834653	,	-16.528860	,	0.444272	,
08-07-2020,11:39:59,	-0.014537	,	-0.309428	,	-0.010635	,	-0.010356	,	-1.069523	,	2.685137	,	-0.007399	,	0.401513	,	-637.114190	,	1.207473	,	839.489783	,	-16.847579	,	0.445385	,
08-07-2020,11:40:00,	-0.017575	,	-0.302704	,	-0.014351	,	-0.014551	,	-1.066157	,	2.691118	,	-0.007730	,	0.401609	,	-637.150114	,	1.869974	,	830.249429	,	-16.589429	,	0.446014	,
08-07-2020,11:40:01,	-0.013931	,	-0.306932	,	-0.014262	,	-0.019317	,	-1.061413	,	2.681057	,	-0.009800	,	0.402228	,	-637.138835	,	1.837810	,	834.753689	,	-16.672973	,	0.445726	,
08-07-2020,11:40:02,	-0.018907	,	-0.309109	,	-0.017307	,	-0.014342	,	-1.070938	,	2.678307	,	-0.008091	,	0.402479	,	-637.142595	,	2.109327	,	833.853923	,	-16.695947	,	0.445497	,
08-07-2020,11:40:03,	-0.014201	,	-0.304790	,	-0.015686	,	-0.012022	,	-1.060749	,	2.669668	,	-0.008475	,	0.401215	,	-637.131316	,	3.035827	,	827.406854	,	-16.765288	,	0.445477	,
08-07-2020,11:40:04,	-0.018157	,	-0.311009	,	-0.010839	,	-0.016648	,	-1.055178	,	2.659031	,	-0.007117	,	0.400164	,	-637.119202	,	1.704558	,	836.291311	,	-16.487506	,	0.446440	,
08-07-2020,11:40:05,	-0.015009	,	-0.303317	,	-0.011513	,	-0.013107	,	-1.060627	,	2.661408	,	-0.009964	,	0.402271	,	-637.125468	,	2.282263	,	828.176709	,	-16.761947	,	0.445556	,
08-07-2020,11:40:05,	-0.017752	,	-0.302061	,	-0.010779	,	-0.014578	,	-1.059195	,	2.680238	,	-0.006923	,	0.400382	,	-637.132987	,	2.468565	,	832.690577	,	-16.477480	,	0.446478	,
08-07-2020,11:40:06,	-0.016938	,	-0.301839	,	-0.019607	,	-0.014989	,	-1.065866	,	2.677432	,	-0.009968	,	0.403211	,	-637.120038	,	2.257199	,	827.996255	,	-17.760294	,	0.446481	,
08-07-2020,11:40:07,	-0.016468	,	-0.304397	,	-0.013695	,	-0.013228	,	-1.065845	,	2.689012	,	-0.007188	,	0.399867	,	-637.114190	,	2.187440	,	840.011095	,	-16.437379	,	0.446422	,
08-07-2020,11:40:08,	-0.018303	,	-0.308032	,	-0.013171	,	-0.016982	,	-1.063542	,	2.673750	,	-0.009362	,	0.400304	,	-637.123380	,	1.472724	,	822.325725	,	-16.585252	,	0.446306	,
08-07-2020,11:40:09,	-0.018170	,	-0.309448	,	-0.013053	,	-0.017036	,	-1.059563	,	2.691463	,	-0.009034	,	0.400567	,	-637.153873	,	1.975657	,	834.833055	,	-16.855098	,	0.447133	,
08-07-2020,11:40:10,	-0.015332	,	-0.308510	,	-0.013688	,	-0.015602	,	-1.059787	,	2.698173	,	-0.007103	,	0.398067	,	-637.126721	,	2.335313	,	827.966179	,	-16.199280	,	0.446473	,
08-07-2020,11:40:11,	-0.017492	,	-0.307702	,	-0.014257	,	-0.014205	,	-1.061858	,	2.685717	,	-0.008536	,	0.399842	,	-637.139671	,	2.032049	,	837.574960	,	-16.226431	,	0.446584	,
08-07-2020,11:40:12,	-0.016592	,	-0.307545	,	-0.015154	,	-0.012999	,	-1.058312	,	2.690245	,	-0.008235	,	0.398647	,	-637.144266	,	1.505724	,	835.817618	,	-16.438633	,	0.447382	,
08-07-2020,11:40:13,	-0.017438	,	-0.306238	,	-0.011584	,	-0.013534	,	-1.059796	,	2.683564	,	-0.010009	,	0.403178	,	-637.122962	,	2.064631	,	834.527285	,	-16.648327	,	0.446823	,
08-07-2020,11:40:14,	-0.015341	,	-0.309199	,	-0.011110	,	-0.012177	,	-1.059837	,	2.690426	,	-0.007738	,	0.398437	,	-637.142177	,	2.064213	,	824.147396	,	-15.629094	,	0.447175	,
08-07-2020,11:40:15,	-0.013560	,	-0.311067	,	-0.014144	,	-0.012233	,	-1.059496	,	2.694154	,	-0.009739	,	0.398738	,	-637.156797	,	1.918847	,	837.201520	,	-16.676314	,	0.446812	,
08-07-2020,11:40:15,	-0.013783	,	-0.311339	,	-0.014065	,	-0.013419	,	-1.051467	,	2.685463	,	-0.008814	,	0.398457	,	-637.135493	,	1.821519	,	823.620652	,	-17.476246	,	0.447023	,
08-07-2020,11:40:16,	-0.015739	,	-0.315124	,	-0.014157	,	-0.016756	,	-1.051366	,	2.694963	,	-0.011533	,	0.400767	,	-637.126721	,	1.692026	,	835.588291	,	-16.445316	,	0.447152	,
08-07-2020,11:40:17,	-0.013981	,	-0.308180	,	-0.015416	,	-0.013304	,	-1.052389	,	2.703055	,	-0.007637	,	0.395495	,	-637.129645	,	1.405889	,	836.162654	,	-16.487923	,	0.447601	,
08-07-2020,11:40:18,	-0.016392	,	-0.307511	,	-0.011928	,	-0.014445	,	-1.052724	,	2.690916	,	-0.009054	,	0.398598	,	-637.118785	,	1.997379	,	830.344669	,	-16.915667	,	0.446880	,
08-07-2020,11:40:19,	-0.017827	,	-0.306507	,	-0.012974	,	-0.014064	,	-1.055057	,	2.685528	,	-0.008873	,	0.397347	,	-637.135911	,	1.700381	,	833.223168	,	-16.710985	,	0.449060	,
08-07-2020,11:40:20,	-0.018541	,	-0.305616	,	-0.014170	,	-0.014708	,	-1.053759	,	2.683353	,	-0.008872	,	0.399652	,	-637.147607	,	2.145669	,	828.789085	,	-16.630365	,	0.447520	,
08-07-2020,11:40:21,	-0.019203	,	-0.304662	,	-0.016397	,	-0.013313	,	-1.056619	,	2.688662	,	-0.009779	,	0.397720	,	-637.141759	,	1.991948	,	831.094892	,	-16.572720	,	0.447776	,
08-07-2020,11:40:22,	-0.018383	,	-0.313169	,	-0.013897	,	-0.014860	,	-1.054911	,	2.690337	,	-0.006180	,	0.397698	,	-637.115861	,	2.063796	,	833.328433	,	-16.243558	,	0.448416	,
08-07-2020,11:40:23,	-0.016805	,	-0.314013	,	-0.013709	,	-0.013457	,	-1.051319	,	2.688935	,	-0.006863	,	0.397317	,	-637.132152	,	2.207073	,	829.009222	,	-17.336728	,	0.447556	,
08-07-2020,11:40:24,	-0.019757	,	-0.314291	,	-0.015164	,	-0.012707	,	-1.053353	,	2.683654	,	-0.005953	,	0.398189	,	-637.145519	,	2.327794	,	835.774593	,	-17.038476	,	0.448977	,
08-07-2020,11:40:25,	-0.016491	,	-0.312854	,	-0.013921	,	-0.013725	,	-1.050726	,	2.684063	,	-0.009578	,	0.395541	,	-637.159721	,	1.771393	,	827.356728	,	-16.958274	,	0.447926	,
08-07-2020,11:40:25,	-0.014403	,	-0.313838	,	-0.012985	,	-0.013662	,	-1.047955	,	2.692086	,	-0.011769	,	0.395982	,	-637.131316	,	2.463135	,	829.077728	,	-17.417765	,	0.448162	,
08-07-2020,11:40:26,	-0.016870	,	-0.315416	,	-0.012172	,	-0.017243	,	-1.044313	,	2.682329	,	-0.006438	,	0.399006	,	-637.140924	,	1.585090	,	837.732440	,	-16.452417	,	0.448348	,
08-07-2020,11:40:27,	-0.015905	,	-0.312015	,	-0.011959	,	-0.013423	,	-1.049769	,	2.696805	,	-0.006349	,	0.394310	,	-637.111683	,	1.631039	,	832.103264	,	-16.620340	,	0.449743	,
08-07-2020,11:40:28,	-0.019603	,	-0.308656	,	-0.012612	,	-0.016929	,	-1.054368	,	2.695370	,	-0.007078	,	0.395447	,	-637.133823	,	2.613931	,	825.389691	,	-16.760276	,	0.449295	,
08-07-2020,11:40:29,	-0.016470	,	-0.308533	,	-0.013016	,	-0.014048	,	-1.051343	,	2.687882	,	-0.005711	,	0.398251	,	-637.134658	,	2.278503	,	827.819560	,	-16.949920	,	0.448468	,
08-07-2020,11:40:30,	-0.017959	,	-0.309911	,	-0.015665	,	-0.016823	,	-1.055762	,	2.698805	,	-0.009265	,	0.397868	,	-637.122962	,	2.145251	,	828.742718	,	-16.363443	,	0.448796	,
08-07-2020,11:40:31,	-0.011270	,	-0.308249	,	-0.010853	,	-0.017690	,	-1.049935	,	2.694702	,	-0.007474	,	0.393854	,	-637.159721	,	2.212504	,	825.822865	,	-16.584834	,	0.448860	,
08-07-2020,11:40:32,	-0.012591	,	-0.304174	,	-0.016767	,	-0.013323	,	-1.051797	,	2.685265	,	-0.009743	,	0.392457	,	-637.134240	,	1.730874	,	831.663824	,	-16.807896	,	0.449249	,
08-07-2020,11:40:33,	-0.014982	,	-0.309988	,	-0.018070	,	-0.017555	,	-1.049015	,	2.697549	,	-0.010053	,	0.397103	,	-637.138835	,	2.080087	,	837.347304	,	-16.471632	,	0.449289	,
08-07-2020,11:40:34,	-0.015458	,	-0.312246	,	-0.011259	,	-0.010803	,	-1.057407	,	2.687026	,	-0.008949	,	0.397912	,	-637.152620	,	2.469818	,	835.472165	,	-16.362190	,	0.449751	,
08-07-2020,11:40:35,	-0.016060	,	-0.311288	,	-0.010913	,	-0.014128	,	-1.054363	,	2.687093	,	-0.008298	,	0.394819	,	-637.142595	,	2.252605	,	829.307474	,	-16.112812	,	0.448913	,
08-07-2020,11:40:36,	-0.018215	,	-0.307033	,	-0.011212	,	-0.013417	,	-1.050122	,	2.684820	,	-0.008414	,	0.397232	,	-637.138417	,	2.538742	,	834.201465	,	-16.443645	,	0.448970	,
08-07-2020,11:40:36,	-0.013441	,	-0.304067	,	-0.012696	,	-0.012445	,	-1.048700	,	2.679168	,	-0.010366	,	0.393600	,	-637.141759	,	1.576736	,	832.395250	,	-16.685087	,	0.449551	,
08-07-2020,11:40:37,	-0.017375	,	-0.312093	,	-0.012956	,	-0.013816	,	-1.050696	,	2.687325	,	-0.004611	,	0.393885	,	-637.144683	,	2.674083	,	826.715947	,	-16.698454	,	0.449241	,
08-07-2020,11:40:38,	-0.015141	,	-0.308231	,	-0.013987	,	-0.014715	,	-1.057423	,	2.687520	,	-0.008603	,	0.393239	,	-637.149696	,	1.471888	,	840.835254	,	-17.134969	,	0.449844	,
08-07-2020,11:40:39,	-0.014631	,	-0.303946	,	-0.012279	,	-0.016351	,	-1.054558	,	2.691215	,	-0.006978	,	0.392499	,	-637.145519	,	2.077580	,	827.672941	,	-16.026762	,	0.449707	,
08-07-2020,11:40:40,	-0.019194	,	-0.299872	,	-0.012237	,	-0.013872	,	-1.050750	,	2.699440	,	-0.008361	,	0.392370	,	-637.132152	,	1.365788	,	830.035557	,	-16.530113	,	0.449409	,
08-07-2020,11:40:41,	-0.016890	,	-0.303196	,	-0.011430	,	-0.009679	,	-1.051806	,	2.688134	,	-0.008626	,	0.395047	,	-637.128810	,	2.007821	,	833.439964	,	-16.305380	,	0.450266	,
08-07-2020,11:40:42,	-0.015110	,	-0.299807	,	-0.011217	,	-0.013210	,	-1.055295	,	2.695154	,	-0.008318	,	0.394260	,	-637.136747	,	2.303566	,	825.382172	,	-17.000882	,	0.449668	,
08-07-2020,11:40:43,	-0.018000	,	-0.304424	,	-0.012125	,	-0.015148	,	-1.055560	,	2.693753	,	-0.006117	,	0.392928	,	-637.116696	,	2.334895	,	821.962727	,	-16.472050	,	0.449742	,
08-07-2020,11:40:44,	-0.018660	,	-0.304670	,	-0.015335	,	-0.019369	,	-1.055434	,	2.687057	,	-0.007408	,	0.395670	,	-637.146354	,	1.064195	,	835.158876	,	-17.185096	,	0.449437	,
08-07-2020,11:40:45,	-0.019012	,	-0.306164	,	-0.014537	,	-0.018603	,	-1.062076	,	2.676870	,	-0.009227	,	0.393993	,	-637.152620	,	1.652343	,	832.123315	,	-15.848396	,	0.450012	,
08-07-2020,11:40:46,	-0.018637	,	-0.298325	,	-0.015201	,	-0.013709	,	-1.062248	,	2.679018	,	-0.006420	,	0.393539	,	-637.125468	,	2.705829	,	838.339385	,	-16.606555	,	0.450446	,
08-07-2020,11:40:47,	-0.018704	,	-0.300036	,	-0.010808	,	-0.016160	,	-1.057526	,	2.682541	,	-0.008241	,	0.395615	,	-637.138835	,	2.848271	,	828.415227	,	-16.548493	,	0.450325	,
08-07-2020,11:40:48,	-0.015318	,	-0.306184	,	-0.012859	,	-0.009467	,	-1.046927	,	2.685241	,	-0.003057	,	0.392717	,	-637.135493	,	1.734216	,	839.401226	,	-16.538050	,	0.451324	,
08-07-2020,11:40:48,	-0.012995	,	-0.306128	,	-0.015057	,	-0.015071	,	-1.043619	,	2.678329	,	-0.008643	,	0.393448	,	-637.128810	,	1.898797	,	822.754722	,	-17.469562	,	0.451133	,
08-07-2020,11:40:49,	-0.015128	,	-0.308384	,	-0.011957	,	-0.016322	,	-1.047533	,	2.674125	,	-0.008167	,	0.394631	,	-637.133823	,	1.945581	,	831.929076	,	-16.494189	,	0.450934	,
08-07-2020,11:40:50,	-0.015566	,	-0.312978	,	-0.011571	,	-0.013693	,	-1.048896	,	2.683923	,	-0.007343	,	0.392144	,	-637.152202	,	1.721684	,	829.472472	,	-15.774460	,	0.451677	,
08-07-2020,11:40:51,	-0.017780	,	-0.313003	,	-0.012867	,	-0.017514	,	-1.048932	,	2.675659	,	-0.011026	,	0.392550	,	-637.146772	,	1.831962	,	821.564641	,	-16.730200	,	0.451143	,
08-07-2020,11:40:52,	-0.014407	,	-0.310034	,	-0.011621	,	-0.014441	,	-1.051377	,	2.677777	,	-0.008780	,	0.392064	,	-637.127975	,	2.357870	,	833.012638	,	-16.701795	,	0.452052	,
08-07-2020,11:40:53,	-0.017164	,	-0.310849	,	-0.017800	,	-0.018870	,	-1.048505	,	2.684213	,	-0.009196	,	0.390680	,	-637.143848	,	2.634399	,	829.778242	,	-16.681745	,	0.451923	,
08-07-2020,11:40:54,	-0.016003	,	-0.309933	,	-0.008482	,	-0.013109	,	-1.051339	,	2.688222	,	-0.004274	,	0.392550	,	-637.148025	,	2.292288	,	831.505927	,	-16.966629	,	0.450923	,
08-07-2020,11:40:55,	-0.019133	,	-0.310427	,	-0.011681	,	-0.017463	,	-1.049518	,	2.676286	,	-0.006695	,	0.393287	,	-637.107506	,	1.801886	,	831.564825	,	-16.630783	,	0.451561	,
08-07-2020,11:40:56,	-0.016425	,	-0.310165	,	-0.010792	,	-0.015281	,	-1.050962	,	2.673900	,	-0.006679	,	0.390069	,	-637.139253	,	2.387945	,	824.930618	,	-16.328773	,	0.452401	,
08-07-2020,11:40:57,	-0.015327	,	-0.312560	,	-0.015437	,	-0.014205	,	-1.053795	,	2.674698	,	-0.006331	,	0.394129	,	-637.130899	,	2.618944	,	835.729480	,	-17.099046	,	0.451615	,
08-07-2020,11:40:58,	-0.020072	,	-0.308744	,	-0.016087	,	-0.014567	,	-1.059745	,	2.683779	,	-0.006968	,	0.391371	,	-637.128392	,	2.114757	,	830.353023	,	-16.387253	,	0.451864	,
08-07-2020,11:40:59,	-0.015126	,	-0.306568	,	-0.011962	,	-0.013430	,	-1.053842	,	2.677753	,	-0.003596	,	0.389692	,	-637.114190	,	2.451021	,	830.100303	,	-16.978743	,	0.451723	,
08-07-2020,11:40:59,	-0.015464	,	-0.310286	,	-0.011430	,	-0.015651	,	-1.048097	,	2.681274	,	-0.010803	,	0.389784	,	-637.129645	,	2.187858	,	827.869686	,	-16.842566	,	0.452250	,
08-07-2020,11:41:00,	-0.016105	,	-0.309682	,	-0.015353	,	-0.018143	,	-1.045779	,	2.688835	,	-0.005779	,	0.392158	,	-637.137164	,	2.083846	,	831.164233	,	-17.011742	,	0.452193	,
08-07-2020,11:41:01,	-0.017845	,	-0.307268	,	-0.013834	,	-0.014479	,	-1.046541	,	2.683013	,	-0.007649	,	0.389932	,	-637.135493	,	2.396300	,	841.760083	,	-16.827111	,	0.453124	,
08-07-2020,11:41:02,	-0.018980	,	-0.311341	,	-0.013556	,	-0.013652	,	-1.046343	,	2.675408	,	-0.008832	,	0.389995	,	-637.155962	,	2.443084	,	824.309470	,	-17.396044	,	0.453547	,
08-07-2020,11:41:03,	-0.017090	,	-0.315118	,	-0.013730	,	-0.015227	,	-1.047913	,	2.681695	,	-0.007977	,	0.389866	,	-637.126304	,	1.768886	,	833.848493	,	-15.781143	,	0.453814	,
08-07-2020,11:41:04,	-0.015985	,	-0.312269	,	-0.011936	,	-0.017629	,	-1.043887	,	2.683424	,	-0.008654	,	0.387650	,	-637.136329	,	1.440560	,	831.740684	,	-17.189273	,	0.452146	,
08-07-2020,11:41:05,	-0.018083	,	-0.316005	,	-0.012636	,	-0.016688	,	-1.048209	,	2.680396	,	-0.007207	,	0.391468	,	-637.148025	,	1.917594	,	828.308291	,	-16.491683	,	0.451061	,
08-07-2020,11:41:06,	-0.015473	,	-0.311274	,	-0.013929	,	-0.012959	,	-1.047787	,	2.680550	,	-0.011650	,	0.395624	,	-637.138000	,	1.830709	,	825.595626	,	-16.519670	,	0.450135	,
08-07-2020,11:41:07,	-0.019115	,	-0.313474	,	-0.013305	,	-0.015440	,	-1.059256	,	2.689626	,	-0.006149	,	0.395165	,	-637.143012	,	2.152770	,	838.714914	,	-16.985426	,	0.451062	,
08-07-2020,11:41:08,	-0.017606	,	-0.309327	,	-0.015468	,	-0.014888	,	-1.058663	,	2.698565	,	-0.009396	,	0.391290	,	-637.135911	,	2.019518	,	826.224710	,	-16.855098	,	0.451518	,
08-07-2020,11:41:09,	-0.019861	,	-0.314188	,	-0.013850	,	-0.013019	,	-1.061512	,	2.708464	,	-0.007464	,	0.396277	,	-637.147190	,	1.173220	,	836.663916	,	-16.888515	,	0.448696	,
08-07-2020,11:41:09,	-0.017267	,	-0.313620	,	-0.010438	,	-0.012368	,	-1.054047	,	2.685831	,	-0.007256	,	0.395149	,	-637.141342	,	2.177833	,	831.847620	,	-16.711820	,	0.448593	,
08-07-2020,11:41:10,	-0.017276	,	-0.318340	,	-0.012557	,	-0.014373	,	-1.054193	,	2.689899	,	-0.007514	,	0.394264	,	-637.135911	,	1.629786	,	829.125348	,	-16.525936	,	0.449506	,
08-07-2020,11:41:11,	-0.014165	,	-0.313849	,	-0.013163	,	-0.015045	,	-1.049904	,	2.694697	,	-0.007171	,	0.398107	,	-637.138000	,	1.776405	,	833.455837	,	-16.580657	,	0.448722	,
08-07-2020,11:41:12,	-0.019371	,	-0.315394	,	-0.012410	,	-0.013381	,	-1.050252	,	2.681072	,	-0.007492	,	0.396057	,	-637.151784	,	2.474831	,	836.362741	,	-16.350076	,	0.447625	,
08-07-2020,11:41:13,	-0.017901	,	-0.318719	,	-0.013501	,	-0.013051	,	-1.045207	,	2.698237	,	-0.008089	,	0.394235	,	-637.141759	,	2.397135	,	834.129200	,	-16.926946	,	0.447506	,
08-07-2020,11:41:14,	-0.019055	,	-0.319577	,	-0.010989	,	-0.012983	,	-1.046716	,	2.694505	,	-0.010036	,	0.398470	,	-637.163481	,	2.074239	,	830.537655	,	-16.464113	,	0.447393	,
08-07-2020,11:41:15,	-0.016863	,	-0.319240	,	-0.013727	,	-0.013394	,	-1.047216	,	2.688229	,	-0.009829	,	0.398201	,	-637.143430	,	1.703305	,	831.605344	,	-17.022603	,	0.446948	,
08-07-2020,11:41:16,	-0.016261	,	-0.322581	,	-0.011673	,	-0.014201	,	-1.053159	,	2.690313	,	-0.009048	,	0.400980	,	-637.132152	,	1.460192	,	828.472454	,	-16.699289	,	0.446583	,
08-07-2020,11:41:17,	-0.015074	,	-0.314166	,	-0.009476	,	-0.018197	,	-1.049879	,	2.687241	,	-0.007994	,	0.402379	,	-637.117114	,	1.638976	,	836.868598	,	-17.437398	,	0.447069	,
08-07-2020,11:41:18,	-0.018085	,	-0.314408	,	-0.013591	,	-0.014430	,	-1.048591	,	2.685156	,	-0.008230	,	0.400674	,	-637.115443	,	2.327376	,	829.179652	,	-17.685523	,	0.447263	,
08-07-2020,11:41:19,	-0.016504	,	-0.318264	,	-0.014668	,	-0.015914	,	-1.047293	,	2.683909	,	-0.009158	,	0.400259	,	-637.118367	,	2.435565	,	819.309796	,	-16.706808	,	0.445337	,
08-07-2020,11:41:19,	-0.017573	,	-0.312487	,	-0.013389	,	-0.014843	,	-1.053849	,	2.685627	,	-0.008722	,	0.403606	,	-637.137164	,	1.894202	,	837.750820	,	-17.407322	,	0.444568	,
08-07-2020,11:41:20,	-0.015092	,	-0.316094	,	-0.013646	,	-0.011603	,	-1.051965	,	2.693168	,	-0.008601	,	0.401438	,	-637.140924	,	1.539977	,	825.651183	,	-16.206381	,	0.444668	,
08-07-2020,11:41:21,	-0.019046	,	-0.312630	,	-0.014839	,	-0.014010	,	-1.050182	,	2.688868	,	-0.008365	,	0.402202	,	-637.137164	,	2.079669	,	833.112472	,	-16.283659	,	0.444466	,
08-07-2020,11:41:22,	-0.015494	,	-0.313705	,	-0.014089	,	-0.015379	,	-1.054500	,	2.676051	,	-0.005541	,	0.404035	,	-637.140506	,	2.133555	,	831.761570	,	-16.963705	,	0.443791	,
08-07-2020,11:41:23,	-0.012151	,	-0.306599	,	-0.012332	,	-0.016529	,	-1.056985	,	2.679807	,	-0.012440	,	0.404672	,	-637.129645	,	1.292269	,	841.280960	,	-17.177994	,	0.443342	,
08-07-2020,11:41:24,	-0.017552	,	-0.310684	,	-0.013334	,	-0.015543	,	-1.056051	,	2.689063	,	-0.005785	,	0.403750	,	-637.128810	,	1.789772	,	841.020721	,	-16.458265	,	0.442779	,
08-07-2020,11:41:25,	-0.019717	,	-0.310214	,	-0.011023	,	-0.015049	,	-1.051871	,	2.693827	,	-0.007209	,	0.405553	,	-637.144683	,	2.563387	,	829.356764	,	-16.097774	,	0.443052	,
08-07-2020,11:41:26,	-0.016850	,	-0.310189	,	-0.014170	,	-0.016057	,	-1.054224	,	2.689338	,	-0.002922	,	0.404363	,	-637.141342	,	1.925531	,	834.137972	,	-16.529277	,	0.441682	,
08-07-2020,11:41:27,	-0.017303	,	-0.310755	,	-0.015607	,	-0.014189	,	-1.060879	,	2.702044	,	-0.007332	,	0.404249	,	-637.133405	,	2.946435	,	835.024788	,	-16.209305	,	0.440939	,
08-07-2020,11:41:28,	-0.017113	,	-0.309130	,	-0.012827	,	-0.017405	,	-1.054545	,	2.691520	,	-0.012494	,	0.406002	,	-637.134240	,	2.896727	,	822.348281	,	-16.772390	,	0.441202	,
08-07-2020,11:41:29,	-0.016771	,	-0.307015	,	-0.014868	,	-0.015428	,	-1.057217	,	2.704524	,	-0.007705	,	0.406573	,	-637.126721	,	2.685361	,	840.133905	,	-16.432367	,	0.441324	,
08-07-2020,11:41:29,	-0.017811	,	-0.306254	,	-0.013968	,	-0.012366	,	-1.061799	,	2.709517	,	-0.012215	,	0.407301	,	-637.141342	,	1.718342	,	826.166647	,	-16.573138	,	0.439391	,
08-07-2020,11:41:30,	-0.016369	,	-0.301310	,	-0.014202	,	-0.015583	,	-1.065206	,	2.706488	,	-0.008619	,	0.410382	,	-637.119620	,	2.210415	,	832.786234	,	-16.952844	,	0.440275	,
08-07-2020,11:41:31,	-0.014890	,	-0.305694	,	-0.010373	,	-0.012804	,	-1.059857	,	2.702175	,	-0.009191	,	0.409097	,	-637.139253	,	1.834886	,	831.750292	,	-16.353000	,	0.439854	,
08-07-2020,11:41:32,	-0.015583	,	-0.309906	,	-0.013934	,	-0.012981	,	-1.057295	,	2.697142	,	-0.008284	,	0.410104	,	-637.139253	,	1.948923	,	829.384334	,	-16.649163	,	0.439709	,
08-07-2020,11:41:33,	-0.015410	,	-0.304841	,	-0.014175	,	-0.012384	,	-1.058991	,	2.704452	,	-0.009640	,	0.412102	,	-637.134240	,	1.960619	,	836.148451	,	-15.975800	,	0.438506	,
08-07-2020,11:41:34,	-0.017339	,	-0.303312	,	-0.009788	,	-0.015117	,	-1.055374	,	2.685590	,	-0.008763	,	0.411070	,	-637.143430	,	1.432205	,	830.040152	,	-16.928616	,	0.438992	,
08-07-2020,11:41:35,	-0.015707	,	-0.307183	,	-0.010512	,	-0.015925	,	-1.065221	,	2.696795	,	-0.007451	,	0.410346	,	-637.131734	,	1.608900	,	840.336916	,	-16.500037	,	0.437237	,
08-07-2020,11:41:36,	-0.018125	,	-0.304251	,	-0.016567	,	-0.016053	,	-1.056379	,	2.693607	,	-0.005255	,	0.413054	,	-637.114608	,	1.875405	,	836.005592	,	-17.467891	,	0.438506	,
08-07-2020,11:41:37,	-0.020265	,	-0.304100	,	-0.014532	,	-0.011839	,	-1.060986	,	2.700221	,	-0.007869	,	0.412270	,	-637.135911	,	1.502800	,	834.622943	,	-16.751086	,	0.438198	,
08-07-2020,11:41:38,	-0.014521	,	-0.308696	,	-0.014983	,	-0.016284	,	-1.057976	,	2.692510	,	-0.009833	,	0.415447	,	-637.129645	,	1.635634	,	828.422328	,	-16.702213	,	0.437838	,
08-07-2020,11:41:39,	-0.017009	,	-0.309954	,	-0.012279	,	-0.017984	,	-1.063901	,	2.695564	,	-0.009225	,	0.414223	,	-637.159303	,	1.352839	,	832.762007	,	-16.597783	,	0.436656	,
08-07-2020,11:41:40,	-0.016151	,	-0.310838	,	-0.014259	,	-0.014647	,	-1.061548	,	2.692225	,	-0.006950	,	0.413845	,	-637.106253	,	2.191200	,	834.842663	,	-16.238545	,	0.435341	,
08-07-2020,11:41:40,	-0.015950	,	-0.308083	,	-0.008579	,	-0.014117	,	-1.054843	,	2.697194	,	-0.008242	,	0.416927	,	-637.138000	,	2.836157	,	835.394887	,	-16.682162	,	0.436061	,
08-07-2020,11:41:41,	-0.016504	,	-0.308070	,	-0.013252	,	-0.014804	,	-1.050007	,	2.693037	,	-0.012377	,	0.417678	,	-637.127139	,	1.732545	,	823.613969	,	-17.367221	,	0.435695	,
08-07-2020,11:41:42,	-0.018087	,	-0.308553	,	-0.013268	,	-0.016257	,	-1.048961	,	2.696546	,	-0.008529	,	0.416637	,	-637.136329	,	2.352857	,	836.239932	,	-16.721846	,	0.436492	,
08-07-2020,11:41:43,	-0.016664	,	-0.303873	,	-0.011597	,	-0.013960	,	-1.045036	,	2.690811	,	-0.006189	,	0.415773	,	-637.115443	,	2.864145	,	827.829167	,	-16.411063	,	0.433867	,
08-07-2020,11:41:44,	-0.017479	,	-0.311436	,	-0.014556	,	-0.013511	,	-1.054691	,	2.696644	,	-0.009652	,	0.418428	,	-637.131734	,	1.572141	,	845.073010	,	-16.556847	,	0.434806	,
08-07-2020,11:41:45,	-0.014147	,	-0.314952	,	-0.011812	,	-0.015137	,	-1.051945	,	2.686795	,	-0.010399	,	0.417155	,	-637.137164	,	1.912164	,	829.776154	,	-16.781580	,	0.432912	,
08-07-2020,11:41:46,	-0.012777	,	-0.311429	,	-0.015833	,	-0.017108	,	-1.054359	,	2.693557	,	-0.008324	,	0.417172	,	-637.173924	,	2.302731	,	828.990425	,	-16.218495	,	0.432399	,
08-07-2020,11:41:47,	-0.014650	,	-0.311892	,	-0.013832	,	-0.015821	,	-1.062327	,	2.687281	,	-0.010323	,	0.419905	,	-637.128392	,	2.179504	,	842.570040	,	-16.874731	,	0.433457	,
08-07-2020,11:41:48,	-0.015613	,	-0.311216	,	-0.011933	,	-0.017885	,	-1.064067	,	2.688835	,	-0.006649	,	0.420673	,	-637.146772	,	2.767652	,	825.688777	,	-16.155419	,	0.432032	,
08-07-2020,11:41:49,	-0.017189	,	-0.310400	,	-0.013787	,	-0.011515	,	-1.062008	,	2.702697	,	-0.008502	,	0.420036	,	-637.127557	,	3.013688	,	825.230958	,	-16.270710	,	0.433276	,
08-07-2020,11:41:50,	-0.017973	,	-0.311754	,	-0.012279	,	-0.014622	,	-1.056911	,	2.702309	,	-0.012009	,	0.423384	,	-637.132569	,	1.667381	,	839.767565	,	-16.515075	,	0.431187	,
08-07-2020,11:41:50,	-0.016455	,	-0.315116	,	-0.014532	,	-0.015125	,	-1.061972	,	2.701739	,	-0.007123	,	0.422159	,	-637.141342	,	1.392522	,	828.501277	,	-16.176305	,	0.431853	,
08-07-2020,11:41:51,	-0.015812	,	-0.311427	,	-0.013399	,	-0.015938	,	-1.057053	,	2.699298	,	-0.008223	,	0.424028	,	-637.136747	,	1.835304	,	832.796677	,	-16.546404	,	0.430541	,
08-07-2020,11:41:52,	-0.014923	,	-0.312780	,	-0.010339	,	-0.012820	,	-1.057188	,	2.700467	,	-0.009097	,	0.423569	,	-637.112937	,	1.739646	,	840.436333	,	-16.365949	,	0.430464	,
08-07-2020,11:41:53,	-0.016096	,	-0.308970	,	-0.011293	,	-0.013817	,	-1.056447	,	2.694310	,	-0.005902	,	0.422361	,	-637.138835	,	1.738393	,	828.063925	,	-16.137457	,	0.430931	,
08-07-2020,11:41:54,	-0.015658	,	-0.307601	,	-0.012809	,	-0.017721	,	-1.056692	,	2.689600	,	-0.010009	,	0.423626	,	-637.124215	,	2.086770	,	830.749438	,	-16.465784	,	0.430317	,
08-07-2020,11:41:55,	-0.015007	,	-0.301619	,	-0.014333	,	-0.016165	,	-1.062751	,	2.688965	,	-0.006530	,	0.426217	,	-637.161392	,	1.788937	,	832.833436	,	-16.666707	,	0.428599	,
08-07-2020,11:41:56,	-0.015931	,	-0.303598	,	-0.012827	,	-0.012344	,	-1.067044	,	2.691436	,	-0.008803	,	0.425531	,	-637.141759	,	2.846600	,	837.697352	,	-16.319583	,	0.428913	,
08-07-2020,11:41:57,	-0.017829	,	-0.301855	,	-0.011340	,	-0.014548	,	-1.066182	,	2.692915	,	-0.005028	,	0.424583	,	-637.141342	,	2.836993	,	835.046510	,	-16.657517	,	0.427590	,
08-07-2020,11:41:58,	-0.016461	,	-0.301815	,	-0.012127	,	-0.013578	,	-1.060482	,	2.687177	,	-0.007792	,	0.427356	,	-637.157633	,	2.882524	,	832.268263	,	-16.538467	,	0.428315	,
08-07-2020,11:41:59,	-0.017649	,	-0.296808	,	-0.014745	,	-0.014598	,	-1.060493	,	2.689802	,	-0.009281	,	0.427183	,	-637.100405	,	1.445572	,	831.008006	,	-16.029268	,	0.427261	,
08-07-2020,11:42:00,	-0.016235	,	-0.299176	,	-0.012778	,	-0.013435	,	-1.062379	,	2.686803	,	-0.009714	,	0.426535	,	-637.122544	,	1.908822	,	823.217972	,	-16.500037	,	0.426555	,
08-07-2020,11:42:01,	-0.018110	,	-0.302255	,	-0.011566	,	-0.017063	,	-1.067334	,	2.690720	,	-0.006203	,	0.428930	,	-637.125886	,	1.743823	,	835.857301	,	-16.455341	,	0.428527	,
08-07-2020,11:42:01,	-0.018916	,	-0.300153	,	-0.017178	,	-0.011605	,	-1.066315	,	2.691209	,	-0.005617	,	0.429815	,	-637.149278	,	1.821101	,	832.821323	,	-16.936553	,	0.425641	,
08-07-2020,11:42:02,	-0.015202	,	-0.299361	,	-0.008949	,	-0.016828	,	-1.060830	,	2.694844	,	-0.008677	,	0.428173	,	-637.130481	,	1.793532	,	843.218339	,	-16.551834	,	0.426101	,
08-07-2020,11:42:03,	-0.015089	,	-0.306022	,	-0.011836	,	-0.011937	,	-1.059204	,	2.688072	,	-0.007730	,	0.430755	,	-637.135911	,	2.401730	,	839.290531	,	-17.183425	,	0.425961	,
08-07-2020,11:42:04,	-0.017238	,	-0.304430	,	-0.015390	,	-0.017261	,	-1.055751	,	2.680741	,	-0.006777	,	0.430577	,	-637.125468	,	0.935120	,	824.480735	,	-16.389759	,	0.426379	,
08-07-2020,11:42:05,	-0.017216	,	-0.307540	,	-0.014488	,	-0.014656	,	-1.056370	,	2.691576	,	-0.010628	,	0.430849	,	-637.143012	,	2.425540	,	829.624522	,	-16.369291	,	0.424821	,
08-07-2020,11:42:06,	-0.018339	,	-0.310068	,	-0.012308	,	-0.014106	,	-1.055802	,	2.695391	,	-0.008668	,	0.431196	,	-637.119620	,	1.848671	,	838.971394	,	-16.332532	,	0.424449	,
08-07-2020,11:42:07,	-0.019602	,	-0.310387	,	-0.012500	,	-0.017469	,	-1.048238	,	2.697460	,	-0.009045	,	0.432330	,	-637.157633	,	2.202896	,	829.074387	,	-16.852592	,	0.423951	,
08-07-2020,11:42:08,	-0.018011	,	-0.310268	,	-0.014695	,	-0.017526	,	-1.051945	,	2.695425	,	-0.010024	,	0.433341	,	-637.124633	,	1.215827	,	825.509994	,	-16.289925	,	0.425022	,
08-07-2020,11:42:09,	-0.018042	,	-0.310931	,	-0.012222	,	-0.014077	,	-1.056494	,	2.704314	,	-0.006849	,	0.433768	,	-637.130063	,	1.462281	,	845.347451	,	-16.332532	,	0.423730	,
08-07-2020,11:42:10,	-0.018704	,	-0.313133	,	-0.014503	,	-0.016677	,	-1.056631	,	2.686631	,	-0.006210	,	0.435433	,	-637.142595	,	1.608900	,	835.480102	,	-17.261120	,	0.422196	,
08-07-2020,11:42:11,	-0.016448	,	-0.311471	,	-0.012384	,	-0.014955	,	-1.057560	,	2.691956	,	-0.008379	,	0.434934	,	-637.134658	,	1.990695	,	829.425688	,	-15.364260	,	0.422621	,
08-07-2020,11:42:12,	-0.015936	,	-0.311517	,	-0.011802	,	-0.017921	,	-1.050423	,	2.704987	,	-0.008661	,	0.436063	,	-637.127557	,	2.838664	,	840.712863	,	-16.347570	,	0.422799	,
08-07-2020,11:42:13,	-0.015761	,	-0.309664	,	-0.006161	,	-0.014775	,	-1.058308	,	2.704538	,	-0.004815	,	0.435606	,	-637.153038	,	2.050429	,	833.538545	,	-16.190508	,	0.421184	,
08-07-2020,11:42:13,	-0.017324	,	-0.308337	,	-0.010493	,	-0.016125	,	-1.064336	,	2.709412	,	-0.007622	,	0.437129	,	-637.112101	,	2.295630	,	840.182360	,	-16.434455	,	0.421850	,
08-07-2020,11:42:14,	-0.018895	,	-0.308175	,	-0.011684	,	-0.011331	,	-1.065179	,	2.709157	,	-0.006603	,	0.438884	,	-637.125050	,	2.199972	,	837.775048	,	-16.244393	,	0.422697	,
08-07-2020,11:42:15,	-0.015725	,	-0.306876	,	-0.013200	,	-0.013004	,	-1.066319	,	2.703229	,	-0.008266	,	0.438014	,	-637.143430	,	1.633963	,	824.469457	,	-15.813308	,	0.419735	,
08-07-2020,11:42:16,	-0.015244	,	-0.308404	,	-0.014068	,	-0.016241	,	-1.065446	,	2.710411	,	-0.006957	,	0.438155	,	-637.131316	,	2.215845	,	837.094166	,	-16.259849	,	0.421660	,
08-07-2020,11:42:17,	-0.017939	,	-0.309583	,	-0.010530	,	-0.015144	,	-1.063382	,	2.694766	,	-0.010327	,	0.437326	,	-637.115025	,	2.983194	,	824.923099	,	-17.065210	,	0.421034	,
08-07-2020,11:42:18,	-0.014113	,	-0.313486	,	-0.016963	,	-0.015611	,	-1.059094	,	2.713637	,	-0.009770	,	0.438673	,	-637.161810	,	2.317769	,	836.689397	,	-16.606555	,	0.418960	,
08-07-2020,11:42:19,	-0.016059	,	-0.316039	,	-0.012387	,	-0.015694	,	-1.057113	,	2.694781	,	-0.009012	,	0.437964	,	-637.135076	,	1.532875	,	838.323512	,	-16.342557	,	0.418211	,
08-07-2020,11:42:20,	-0.016677	,	-0.310318	,	-0.011679	,	-0.015904	,	-1.059318	,	2.692622	,	-0.008937	,	0.440649	,	-637.116696	,	3.337838	,	839.310581	,	-17.263627	,	0.419221	,
08-07-2020,11:42:21,	-0.015846	,	-0.317579	,	-0.014514	,	-0.015076	,	-1.060329	,	2.686190	,	-0.007700	,	0.440329	,	-637.146772	,	2.606412	,	831.386877	,	-16.627024	,	0.419523	,
08-07-2020,11:42:22,	-0.020042	,	-0.313470	,	-0.012893	,	-0.013414	,	-1.061332	,	2.698632	,	-0.007835	,	0.442025	,	-637.131316	,	2.314009	,	839.676085	,	-16.284912	,	0.418185	,
08-07-2020,11:42:23,	-0.013713	,	-0.314637	,	-0.014157	,	-0.015089	,	-1.058339	,	2.688757	,	-0.011172	,	0.441049	,	-637.148025	,	2.622703	,	830.135810	,	-16.516328	,	0.417590	,
08-07-2020,11:42:23,	-0.015574	,	-0.314330	,	-0.014013	,	-0.017689	,	-1.057780	,	2.704741	,	-0.010339	,	0.441715	,	-637.119202	,	2.501147	,	834.123351	,	-16.594442	,	0.417525	,
08-07-2020,11:42:24,	-0.018318	,	-0.314025	,	-0.011280	,	-0.013823	,	-1.057484	,	2.710362	,	-0.005913	,	0.442656	,	-637.140924	,	3.293559	,	846.324494	,	-16.295355	,	0.417147	,
08-07-2020,11:42:25,	-0.014063	,	-0.309320	,	-0.012185	,	-0.013991	,	-1.062870	,	2.711664	,	-0.008536	,	0.444662	,	-637.136329	,	2.425122	,	836.235337	,	-16.063939	,	0.417124	,
08-07-2020,11:42:26,	-0.011982	,	-0.306265	,	-0.010860	,	-0.013745	,	-1.061577	,	2.698914	,	-0.008210	,	0.446928	,	-637.136329	,	2.774753	,	840.785963	,	-15.988750	,	0.416546	,
08-07-2020,11:42:27,	-0.016437	,	-0.308014	,	-0.017100	,	-0.015853	,	-1.053867	,	2.692934	,	-0.006203	,	0.441857	,	-637.128810	,	3.288964	,	829.091931	,	-17.446170	,	0.416281	,
08-07-2020,11:42:28,	-0.019291	,	-0.310432	,	-0.009814	,	-0.016724	,	-1.057782	,	2.704317	,	-0.007182	,	0.446817	,	-637.143848	,	3.280610	,	841.957246	,	-16.969553	,	0.416267	,
08-07-2020,11:42:29,	-0.014283	,	-0.307639	,	-0.012429	,	-0.014946	,	-1.058611	,	2.707090	,	-0.006210	,	0.444248	,	-637.135493	,	2.814854	,	830.093620	,	-15.988332	,	0.415805	,
08-07-2020,11:42:30,	-0.015922	,	-0.309680	,	-0.009709	,	-0.015090	,	-1.060684	,	2.703492	,	-0.008892	,	0.444462	,	-637.144266	,	3.396736	,	830.841754	,	-16.302456	,	0.415373	,
08-07-2020,11:42:31,	-0.017717	,	-0.307136	,	-0.014160	,	-0.018055	,	-1.058968	,	2.700748	,	-0.009128	,	0.448455	,	-637.153455	,	2.666146	,	840.741267	,	-17.210577	,	0.414914	,
08-07-2020,11:42:32,	-0.016616	,	-0.306341	,	-0.016557	,	-0.014638	,	-1.062075	,	2.692073	,	-0.008250	,	0.448269	,	-637.098734	,	2.658627	,	834.189351	,	-16.338798	,	0.414821	,
08-07-2020,11:42:33,	-0.014690	,	-0.303555	,	-0.016331	,	-0.015473	,	-1.062322	,	2.688883	,	-0.009364	,	0.447720	,	-637.160139	,	2.948524	,	836.630081	,	-16.684669	,	0.413908	,
08-07-2020,11:42:33,	-0.015283	,	-0.304495	,	-0.011550	,	-0.016080	,	-1.058773	,	2.702355	,	-0.008143	,	0.447506	,	-637.137164	,	3.382533	,	839.921286	,	-17.069388	,	0.414510	,
08-07-2020,11:42:34,	-0.017784	,	-0.305872	,	-0.016788	,	-0.014328	,	-1.063221	,	2.715712	,	-0.008659	,	0.447591	,	-637.138835	,	2.549185	,	835.005573	,	-16.380987	,	0.414178	,
08-07-2020,11:42:35,	-0.016365	,	-0.301723	,	-0.016195	,	-0.017182	,	-1.068163	,	2.717793	,	-0.006140	,	0.449236	,	-637.124215	,	3.658228	,	846.225495	,	-16.495442	,	0.413679	,
08-07-2020,11:42:36,	-0.015566	,	-0.300932	,	-0.015266	,	-0.012615	,	-1.067615	,	2.708396	,	-0.011802	,	0.448294	,	-637.111266	,	3.250534	,	827.373854	,	-17.347588	,	0.413075	,
08-07-2020,11:42:37,	-0.013011	,	-0.302338	,	-0.012227	,	-0.013451	,	-1.067848	,	2.700529	,	-0.009315	,	0.450524	,	-637.138000	,	2.882107	,	830.814185	,	-15.887662	,	0.413196	,
08-07-2020,11:42:38,	-0.015092	,	-0.302023	,	-0.015581	,	-0.014769	,	-1.070987	,	2.703131	,	-0.007119	,	0.450776	,	-637.142177	,	3.507431	,	850.289062	,	-16.370962	,	0.412196	,
08-07-2020,11:42:39,	-0.019391	,	-0.304523	,	-0.014432	,	-0.017234	,	-1.070960	,	2.711089	,	-0.006351	,	0.450050	,	-637.108342	,	2.540830	,	829.597788	,	-17.087767	,	0.410887	,
08-07-2020,11:42:40,	-0.013769	,	-0.300764	,	-0.015780	,	-0.017818	,	-1.075350	,	2.717583	,	-0.007033	,	0.451632	,	-637.153873	,	3.462735	,	836.887813	,	-16.264026	,	0.411154	,
08-07-2020,11:42:41,	-0.018509	,	-0.302199	,	-0.013577	,	-0.015648	,	-1.068154	,	2.701422	,	-0.006326	,	0.451873	,	-637.142177	,	3.825315	,	838.856939	,	-16.574809	,	0.410979	,
08-07-2020,11:42:42,	-0.014290	,	-0.301693	,	-0.012206	,	-0.014106	,	-1.070462	,	2.710259	,	-0.007276	,	0.452706	,	-637.150949	,	2.931815	,	846.666188	,	-17.030540	,	0.411030	,
08-07-2020,11:42:43,	-0.016448	,	-0.303734	,	-0.014519	,	-0.011116	,	-1.064538	,	2.706050	,	-0.009043	,	0.452577	,	-637.135493	,	2.693715	,	830.803324	,	-16.123255	,	0.409296	,
08-07-2020,11:42:43,	-0.017467	,	-0.304608	,	-0.013438	,	-0.016385	,	-1.064233	,	2.700372	,	-0.009189	,	0.455389	,	-637.139253	,	3.157801	,	848.634478	,	-16.039294	,	0.409781	,
08-07-2020,11:42:44,	-0.017303	,	-0.305957	,	-0.008330	,	-0.016185	,	-1.068052	,	2.699659	,	-0.010469	,	0.453289	,	-637.156379	,	3.045852	,	826.114432	,	-16.074382	,	0.410201	,
08-07-2020,11:42:45,	-0.015287	,	-0.307709	,	-0.011550	,	-0.017937	,	-1.064523	,	2.695321	,	-0.005644	,	0.453711	,	-637.124215	,	2.511172	,	834.080744	,	-16.596112	,	0.409572	,
08-07-2020,11:42:46,	-0.016542	,	-0.308883	,	-0.010916	,	-0.015725	,	-1.063173	,	2.690937	,	-0.010210	,	0.454550	,	-637.119620	,	2.710842	,	844.093877	,	-16.108217	,	0.407979	,
08-07-2020,11:42:47,	-0.015995	,	-0.301942	,	-0.016680	,	-0.011014	,	-1.063492	,	2.701278	,	-0.009155	,	0.456801	,	-637.119202	,	2.495299	,	845.259730	,	-16.669631	,	0.406858	,
08-07-2020,11:42:48,	-0.018401	,	-0.302776	,	-0.011170	,	-0.014104	,	-1.066101	,	2.688783	,	-0.007752	,	0.455914	,	-637.138835	,	1.529951	,	828.348392	,	-16.348405	,	0.409499	,
08-07-2020,11:42:49,	-0.017690	,	-0.309062	,	-0.016350	,	-0.015370	,	-1.058380	,	2.686207	,	-0.005987	,	0.457580	,	-637.137582	,	2.472742	,	842.085904	,	-16.823351	,	0.408782	,
08-07-2020,11:42:50,	-0.019142	,	-0.311620	,	-0.012754	,	-0.014259	,	-1.054664	,	2.689429	,	-0.009854	,	0.458124	,	-637.132987	,	2.640665	,	829.380157	,	-16.361355	,	0.406972	,
08-07-2020,11:42:51,	-0.017144	,	-0.318145	,	-0.010005	,	-0.013900	,	-1.057013	,	2.704812	,	-0.008864	,	0.459195	,	-637.120873	,	2.195377	,	839.833983	,	-16.338798	,	0.408484	,
08-07-2020,11:42:52,	-0.015388	,	-0.321027	,	-0.012458	,	-0.014937	,	-1.053959	,	2.702612	,	-0.005646	,	0.460401	,	-637.132569	,	2.893803	,	831.787469	,	-17.152931	,	0.405781	,
08-07-2020,11:42:53,	-0.018961	,	-0.323971	,	-0.012502	,	-0.013482	,	-1.052003	,	2.704032	,	-0.006173	,	0.458016	,	-637.102494	,	3.501583	,	835.921212	,	-15.886409	,	0.406130	,
08-07-2020,11:42:54,	-0.013341	,	-0.323481	,	-0.017488	,	-0.014102	,	-1.051886	,	2.701619	,	-0.008304	,	0.459307	,	-637.132569	,	3.152788	,	843.155263	,	-17.066046	,	0.407040	,
08-07-2020,11:42:55,	-0.017281	,	-0.318097	,	-0.014482	,	-0.012451	,	-1.054356	,	2.709918	,	-0.007716	,	0.461277	,	-637.143430	,	2.670741	,	834.312160	,	-17.246500	,	0.406661	,
08-07-2020,11:42:55,	-0.019531	,	-0.319299	,	-0.017847	,	-0.014625	,	-1.050973	,	2.709158	,	-0.007099	,	0.458956	,	-637.151367	,	2.857879	,	827.601928	,	-16.945743	,	0.405115	,
08-07-2020,11:42:56,	-0.018740	,	-0.315275	,	-0.012796	,	-0.014836	,	-1.065479	,	2.703623	,	-0.008358	,	0.459867	,	-637.122544	,	2.323617	,	832.730678	,	-16.881414	,	0.404706	,
08-07-2020,11:42:57,	-0.015507	,	-0.316110	,	-0.011634	,	-0.017422	,	-1.060654	,	2.696617	,	-0.007821	,	0.460169	,	-637.116278	,	2.677424	,	842.252573	,	-16.169622	,	0.404440	,
08-07-2020,11:42:58,	-0.012114	,	-0.313308	,	-0.011962	,	-0.014973	,	-1.064399	,	2.710482	,	-0.012236	,	0.461514	,	-637.143012	,	3.180775	,	832.529755	,	-16.231026	,	0.405021	,
08-07-2020,11:42:59,	-0.016044	,	-0.312347	,	-0.013816	,	-0.013477	,	-1.063723	,	2.700807	,	-0.007765	,	0.462634	,	-637.152202	,	3.287294	,	839.014001	,	-16.041800	,	0.403240	,
08-07-2020,11:43:00,	-0.016940	,	-0.316815	,	-0.012861	,	-0.014528	,	-1.061539	,	2.703982	,	-0.007391	,	0.465245	,	-637.116278	,	2.380009	,	846.657416	,	-16.337127	,	0.403209	,
08-07-2020,11:43:01,	-0.015626	,	-0.313281	,	-0.015172	,	-0.015527	,	-1.057114	,	2.708380	,	-0.008461	,	0.463357	,	-637.130899	,	2.194124	,	826.850035	,	-17.017591	,	0.403201	,
08-07-2020,11:43:02,	-0.018897	,	-0.310558	,	-0.016475	,	-0.012393	,	-1.054226	,	2.703692	,	-0.003868	,	0.467267	,	-637.137164	,	2.923043	,	836.288387	,	-16.027597	,	0.403899	,
08-07-2020,11:43:03,	-0.014759	,	-0.313110	,	-0.014015	,	-0.014091	,	-1.057515	,	2.705651	,	-0.010489	,	0.467776	,	-637.135076	,	1.913417	,	843.965220	,	-16.137040	,	0.402646	,
08-07-2020,11:43:04,	-0.016630	,	-0.315392	,	-0.012206	,	-0.013891	,	-1.060892	,	2.701184	,	-0.006699	,	0.466217	,	-637.134240	,	2.903828	,	844.510343	,	-16.620340	,	0.403342	,
08-07-2020,11:43:05,	-0.018105	,	-0.309181	,	-0.013294	,	-0.015970	,	-1.056195	,	2.702498	,	-0.009184	,	0.464041	,	-637.137582	,	3.024549	,	829.582750	,	-16.038876	,	0.401494	,
08-07-2020,11:43:05,	-0.017797	,	-0.313467	,	-0.012484	,	-0.014207	,	-1.053148	,	2.699782	,	-0.007390	,	0.466699	,	-637.150531	,	1.348244	,	842.326927	,	-16.067698	,	0.402545	,
08-07-2020,11:43:06,	-0.018747	,	-0.312588	,	-0.009355	,	-0.013177	,	-1.060425	,	2.699676	,	-0.008626	,	0.466085	,	-637.144266	,	2.857043	,	828.220152	,	-16.761947	,	0.400525	,
08-07-2020,11:43:07,	-0.018383	,	-0.314483	,	-0.010950	,	-0.017268	,	-1.058892	,	2.702764	,	-0.005752	,	0.468229	,	-637.128810	,	2.709171	,	844.501153	,	-16.232280	,	0.402175	,
08-07-2020,11:43:08,	-0.016975	,	-0.313577	,	-0.012140	,	-0.017258	,	-1.059467	,	2.712895	,	-0.005716	,	0.465817	,	-637.106671	,	2.452692	,	829.523852	,	-16.656264	,	0.400529	,
08-07-2020,11:43:09,	-0.017925	,	-0.316241	,	-0.012450	,	-0.016032	,	-1.058447	,	2.703884	,	-0.007514	,	0.467906	,	-637.128392	,	2.845765	,	843.659867	,	-16.829199	,	0.399799	,
08-07-2020,11:43:10,	-0.019151	,	-0.318461	,	-0.015516	,	-0.013194	,	-1.052910	,	2.694463	,	-0.011237	,	0.467313	,	-637.111266	,	2.771829	,	830.911931	,	-15.920244	,	0.400095	,
08-07-2020,11:43:11,	-0.015518	,	-0.313467	,	-0.010648	,	-0.012068	,	-1.051384	,	2.695042	,	-0.007799	,	0.470536	,	-637.132152	,	2.470236	,	845.036668	,	-16.438633	,	0.400613	,
08-07-2020,11:43:12,	-0.016113	,	-0.314397	,	-0.009303	,	-0.014998	,	-1.050539	,	2.688569	,	-0.011358	,	0.468476	,	-637.117114	,	3.118535	,	823.911385	,	-15.469108	,	0.401107	,
08-07-2020,11:43:13,	-0.014398	,	-0.316050	,	-0.011563	,	-0.014961	,	-1.051999	,	2.695061	,	-0.005999	,	0.467406	,	-637.140088	,	2.361629	,	841.301010	,	-16.022585	,	0.401305	,
08-07-2020,11:43:14,	-0.016041	,	-0.315681	,	-0.011731	,	-0.013064	,	-1.058606	,	2.704225	,	-0.008776	,	0.468122	,	-637.152620	,	2.248010	,	841.608869	,	-16.341722	,	0.401248	,
08-07-2020,11:43:15,	-0.013450	,	-0.311114	,	-0.011351	,	-0.010505	,	-1.061173	,	2.703240	,	-0.010630	,	0.467839	,	-637.124215	,	3.287711	,	850.532592	,	-16.327519	,	0.401382	,
08-07-2020,11:43:16,	-0.019209	,	-0.306655	,	-0.017695	,	-0.014663	,	-1.064624	,	2.701388	,	-0.004714	,	0.465669	,	-637.143012	,	2.329047	,	831.777026	,	-16.027597	,	0.401803	,
08-07-2020,11:43:16,	-0.014723	,	-0.309087	,	-0.014233	,	-0.013132	,	-1.062085	,	2.700236	,	-0.009487	,	0.468609	,	-637.127139	,	2.871246	,	847.547575	,	-15.779890	,	0.401782	,
08-07-2020,11:43:17,	-0.016832	,	-0.312268	,	-0.017585	,	-0.017079	,	-1.057278	,	2.707778	,	-0.007354	,	0.466678	,	-637.157633	,	2.880436	,	843.581754	,	-15.689245	,	0.402237	,
08-07-2020,11:43:18,	-0.018152	,	-0.315152	,	-0.010483	,	-0.012535	,	-1.057663	,	2.705343	,	-0.009306	,	0.466791	,	-637.135493	,	3.499077	,	845.547956	,	-15.964522	,	0.402289	,
08-07-2020,11:43:19,	-0.016935	,	-0.308959	,	-0.014915	,	-0.014867	,	-1.057915	,	2.705916	,	-0.006742	,	0.465451	,	-637.128392	,	2.710424	,	828.203026	,	-15.949902	,	0.404261	,
08-07-2020,11:43:20,	-0.015060	,	-0.310863	,	-0.013635	,	-0.016711	,	-1.054736	,	2.706047	,	-0.007189	,	0.466808	,	-637.152620	,	2.930980	,	843.104302	,	-16.487923	,	0.402705	,
08-07-2020,11:43:21,	-0.013700	,	-0.310899	,	-0.016567	,	-0.013141	,	-1.056830	,	2.696765	,	-0.009038	,	0.463680	,	-637.128392	,	2.409667	,	828.525504	,	-16.911072	,	0.402467	,
08-07-2020,11:43:22,	-0.014737	,	-0.312529	,	-0.013237	,	-0.014686	,	-1.066151	,	2.708488	,	-0.009917	,	0.463448	,	-637.131734	,	1.894620	,	844.333648	,	-16.395608	,	0.402842	,
08-07-2020,11:43:23,	-0.016659	,	-0.309963	,	-0.014194	,	-0.017624	,	-1.063474	,	2.712949	,	-0.008388	,	0.466396	,	-637.142177	,	2.557539	,	836.264159	,	-16.624935	,	0.404518	,
08-07-2020,11:43:24,	-0.014952	,	-0.311011	,	-0.017598	,	-0.017575	,	-1.061748	,	2.705619	,	-0.011050	,	0.465339	,	-637.153873	,	3.055460	,	838.388676	,	-16.743567	,	0.403820	,
08-07-2020,11:43:25,	-0.014064	,	-0.310865	,	-0.012374	,	-0.013661	,	-1.053537	,	2.697367	,	-0.008639	,	0.464714	,	-637.129228	,	3.415533	,	836.178109	,	-16.731871	,	0.404512	,
08-07-2020,11:43:26,	-0.015090	,	-0.315434	,	-0.017089	,	-0.014095	,	-1.053029	,	2.685603	,	-0.008650	,	0.462900	,	-637.141342	,	3.476520	,	840.882456	,	-16.017154	,	0.404933	,
08-07-2020,11:43:26,	-0.016618	,	-0.314732	,	-0.015964	,	-0.013098	,	-1.060881	,	2.703081	,	-0.009245	,	0.464508	,	-637.135911	,	3.042510	,	841.459326	,	-17.006312	,	0.404246	,
08-07-2020,11:43:27,	-0.016343	,	-0.302313	,	-0.009964	,	-0.016349	,	-1.058780	,	2.692734	,	-0.007893	,	0.462410	,	-637.142595	,	2.370819	,	835.875681	,	-15.753992	,	0.404751	,
08-07-2020,11:43:28,	-0.017272	,	-0.310336	,	-0.016003	,	-0.014856	,	-1.055858	,	2.699702	,	-0.008158	,	0.462841	,	-637.125886	,	2.909676	,	837.239532	,	-15.847561	,	0.404339	,
08-07-2020,11:43:29,	-0.015359	,	-0.309018	,	-0.015799	,	-0.014344	,	-1.057288	,	2.705613	,	-0.005738	,	0.461527	,	-637.161392	,	2.679513	,	838.369879	,	-16.892275	,	0.405154	,
08-07-2020,11:43:30,	-0.016731	,	-0.309040	,	-0.013449	,	-0.015043	,	-1.053921	,	2.700019	,	-0.008183	,	0.463891	,	-637.149278	,	2.934739	,	840.981038	,	-16.083154	,	0.404658	,
08-07-2020,11:43:31,	-0.015150	,	-0.311370	,	-0.011102	,	-0.016221	,	-1.055171	,	2.698013	,	-0.007999	,	0.460451	,	-637.150114	,	2.320275	,	837.938376	,	-16.149989	,	0.405403	,
08-07-2020,11:43:32,	-0.011829	,	-0.310455	,	-0.008744	,	-0.015296	,	-1.055587	,	2.695498	,	-0.012575	,	0.462668	,	-637.135493	,	2.277668	,	845.276438	,	-16.083154	,	0.407100	,
08-07-2020,11:43:33,	-0.017079	,	-0.309022	,	-0.012193	,	-0.013967	,	-1.060861	,	2.693905	,	-0.010402	,	0.462937	,	-637.124215	,	2.919701	,	829.398119	,	-16.427354	,	0.405933	,
08-07-2020,11:43:34,	-0.016197	,	-0.309954	,	-0.013816	,	-0.017665	,	-1.063721	,	2.694212	,	-0.007840	,	0.460425	,	-637.120038	,	3.090548	,	836.538600	,	-16.088584	,	0.406518	,
08-07-2020,11:43:35,	-0.014221	,	-0.308903	,	-0.016195	,	-0.021724	,	-1.070242	,	2.687612	,	-0.006726	,	0.462132	,	-637.143430	,	3.695822	,	842.400446	,	-17.188020	,	0.405233	,
08-07-2020,11:43:36,	-0.018325	,	-0.305704	,	-0.010163	,	-0.016214	,	-1.065636	,	2.699036	,	-0.008785	,	0.458935	,	-637.129645	,	2.704158	,	830.207657	,	-16.000028	,	0.405387	,
08-07-2020,11:43:36,	-0.015078	,	-0.306637	,	-0.011028	,	-0.012480	,	-1.066085	,	2.700133	,	-0.010567	,	0.461376	,	-637.145101	,	2.946853	,	846.192913	,	-16.682162	,	0.406581	,
08-07-2020,11:43:37,	-0.019190	,	-0.309395	,	-0.013722	,	-0.014470	,	-1.058578	,	2.691976	,	-0.010166	,	0.460359	,	-637.145101	,	3.925985	,	838.233703	,	-16.333367	,	0.407318	,
08-07-2020,11:43:38,	-0.016590	,	-0.305638	,	-0.015374	,	-0.013754	,	-1.064319	,	2.705457	,	-0.008306	,	0.457371	,	-637.138000	,	3.241345	,	823.651564	,	-15.888497	,	0.407110	,
08-07-2020,11:43:39,	-0.015734	,	-0.305122	,	-0.014175	,	-0.015318	,	-1.065125	,	2.712087	,	-0.008280	,	0.460657	,	-637.128392	,	3.386293	,	836.685637	,	-17.076489	,	0.406322	,
08-07-2020,11:43:40,	-0.018597	,	-0.301927	,	-0.011393	,	-0.016334	,	-1.064667	,	2.707069	,	-0.008628	,	0.458129	,	-637.134240	,	2.904246	,	828.220570	,	-17.020932	,	0.406739	,
08-07-2020,11:43:41,	-0.014690	,	-0.305104	,	-0.012783	,	-0.012186	,	-1.060784	,	2.694508	,	-0.010047	,	0.459175	,	-637.132569	,	2.661133	,	844.204990	,	-16.201786	,	0.408322	,
08-07-2020,11:43:42,	-0.017348	,	-0.307024	,	-0.010346	,	-0.017059	,	-1.060032	,	2.693959	,	-0.008599	,	0.459626	,	-637.147607	,	2.167808	,	836.508107	,	-17.174653	,	0.407796	,
08-07-2020,11:43:43,	-0.016827	,	-0.308407	,	-0.015935	,	-0.015157	,	-1.064931	,	2.694516	,	-0.007709	,	0.458431	,	-637.138835	,	2.855373	,	836.203172	,	-16.489594	,	0.406700	,
08-07-2020,11:43:44,	-0.015757	,	-0.307828	,	-0.017323	,	-0.014820	,	-1.065006	,	2.702116	,	-0.009600	,	0.457796	,	-637.125886	,	2.735905	,	841.059151	,	-15.750232	,	0.407771	,
08-07-2020,11:43:45,	-0.014943	,	-0.307062	,	-0.013381	,	-0.017196	,	-1.057358	,	2.708358	,	-0.008572	,	0.456316	,	-637.133405	,	2.684526	,	831.538091	,	-16.040964	,	0.409245	,
08-07-2020,11:43:46,	-0.016089	,	-0.309924	,	-0.018212	,	-0.010246	,	-1.057810	,	2.714719	,	-0.006515	,	0.459384	,	-637.131316	,	3.396736	,	844.343673	,	-17.231462	,	0.409173	,
08-07-2020,11:43:46,	-0.015428	,	-0.304320	,	-0.012287	,	-0.019906	,	-1.064067	,	2.695872	,	-0.005046	,	0.455805	,	-637.129645	,	3.029979	,	825.317843	,	-15.925256	,	0.407958	,
08-07-2020,11:43:47,	-0.016161	,	-0.302104	,	-0.012848	,	-0.015900	,	-1.061036	,	2.699546	,	-0.011603	,	0.456320	,	-637.140088	,	2.590957	,	836.345197	,	-16.074382	,	0.408187	,
08-07-2020,11:43:48,	-0.018653	,	-0.309130	,	-0.013454	,	-0.014504	,	-1.060264	,	2.693653	,	-0.007768	,	0.457269	,	-637.150949	,	2.665728	,	843.593450	,	-15.609043	,	0.408324	,
08-07-2020,11:43:49,	-0.020202	,	-0.306253	,	-0.011805	,	-0.014068	,	-1.052349	,	2.697718	,	-0.010305	,	0.454993	,	-637.136329	,	2.826968	,	830.935323	,	-16.849668	,	0.409740	,
08-07-2020,11:43:50,	-0.017871	,	-0.310329	,	-0.014110	,	-0.013987	,	-1.057307	,	2.702077	,	-0.008152	,	0.456846	,	-637.127975	,	1.755102	,	849.588965	,	-16.429443	,	0.410079	,
08-07-2020,11:43:51,	-0.017299	,	-0.305708	,	-0.016612	,	-0.013237	,	-1.058256	,	2.701109	,	-0.008165	,	0.455149	,	-637.130481	,	2.945600	,	828.337949	,	-15.573537	,	0.409408	,
08-07-2020,11:43:52,	-0.015094	,	-0.310538	,	-0.014354	,	-0.015922	,	-1.060250	,	2.700490	,	-0.008345	,	0.455313	,	-637.154709	,	3.441014	,	826.944022	,	-16.696365	,	0.408829	,
08-07-2020,11:43:53,	-0.017052	,	-0.307994	,	-0.013604	,	-0.016149	,	-1.063398	,	2.701834	,	-0.006845	,	0.455119	,	-637.131316	,	2.658627	,	842.458926	,	-15.689245	,	0.409869	,
08-07-2020,11:43:54,	-0.015447	,	-0.309309	,	-0.014126	,	-0.012804	,	-1.064938	,	2.701134	,	-0.010520	,	0.453793	,	-637.120873	,	2.421781	,	832.488819	,	-16.781997	,	0.409934	,
08-07-2020,11:43:55,	-0.017863	,	-0.302293	,	-0.013654	,	-0.013870	,	-1.060906	,	2.712110	,	-0.007541	,	0.454717	,	-637.101658	,	2.560881	,	841.475199	,	-16.053914	,	0.410175	,
08-07-2020,11:43:56,	-0.015893	,	-0.303029	,	-0.012764	,	-0.012411	,	-1.065733	,	2.709057	,	-0.008100	,	0.453612	,	-637.132152	,	3.006169	,	830.131215	,	-16.142888	,	0.410208	,
08-07-2020,11:43:57,	-0.017923	,	-0.307055	,	-0.011096	,	-0.014402	,	-1.065789	,	2.714018	,	-0.005989	,	0.454296	,	-637.130899	,	3.253041	,	842.051651	,	-15.983737	,	0.409587	,
08-07-2020,11:43:57,	-0.015276	,	-0.305879	,	-0.012185	,	-0.013810	,	-1.065068	,	2.708791	,	-0.010576	,	0.454209	,	-637.136747	,	2.828639	,	847.014148	,	-15.733524	,	0.410624	,
08-07-2020,11:43:58,	-0.016776	,	-0.306912	,	-0.007068	,	-0.012853	,	-1.063524	,	2.701767	,	-0.009968	,	0.452478	,	-637.109177	,	2.691209	,	822.863329	,	-16.797871	,	0.410960	,
08-07-2020,11:43:59,	-0.020162	,	-0.310977	,	-0.010247	,	-0.011553	,	-1.057013	,	2.706076	,	-0.009449	,	0.452792	,	-637.114608	,	2.559210	,	828.893514	,	-16.261520	,	0.410904	,
08-07-2020,11:44:00,	-0.016780	,	-0.313661	,	-0.011390	,	-0.016017	,	-1.060230	,	2.709720	,	-0.007224	,	0.453227	,	-637.143012	,	2.031631	,	835.894896	,	-16.282823	,	0.411119	,
08-07-2020,11:44:01,	-0.014977	,	-0.312414	,	-0.013160	,	-0.014764	,	-1.057951	,	2.720023	,	-0.007215	,	0.450742	,	-637.119202	,	2.588868	,	832.844297	,	-15.940712	,	0.411918	,
08-07-2020,11:44:02,	-0.017961	,	-0.316305	,	-0.012793	,	-0.012398	,	-1.056417	,	2.711121	,	-0.011235	,	0.452526	,	-637.135493	,	1.957278	,	840.464738	,	-16.795364	,	0.411219	,
08-07-2020,11:44:03,	-0.017784	,	-0.316606	,	-0.011065	,	-0.011061	,	-1.059657	,	2.705498	,	-0.007615	,	0.452294	,	-637.139253	,	2.309414	,	840.153120	,	-16.256507	,	0.411659	,
08-07-2020,11:44:04,	-0.017501	,	-0.312015	,	-0.013921	,	-0.019194	,	-1.055603	,	2.704494	,	-0.004939	,	0.451296	,	-637.132987	,	2.361629	,	835.936668	,	-16.095686	,	0.411720	,
08-07-2020,11:44:05,	-0.014115	,	-0.315636	,	-0.011553	,	-0.014540	,	-1.061110	,	2.702590	,	-0.007588	,	0.450365	,	-637.126721	,	2.518691	,	831.449117	,	-15.882231	,	0.412458	,
08-07-2020,11:44:06,	-0.019816	,	-0.315403	,	-0.010986	,	-0.015604	,	-1.059516	,	2.692347	,	-0.000763	,	0.451437	,	-637.165987	,	1.706229	,	844.108915	,	-16.182571	,	0.412527	,
08-07-2020,11:44:07,	-0.014997	,	-0.314853	,	-0.014210	,	-0.015132	,	-1.054473	,	2.696596	,	-0.008549	,	0.450603	,	-637.139671	,	2.771411	,	843.689525	,	-15.899358	,	0.412581	,
08-07-2020,11:44:07,	-0.014277	,	-0.315612	,	-0.014503	,	-0.013724	,	-1.059466	,	2.702510	,	-0.007348	,	0.450709	,	-637.148443	,	2.657374	,	836.757903	,	-16.124508	,	0.413691	,
08-07-2020,11:44:08,	-0.015184	,	-0.316912	,	-0.012334	,	-0.013495	,	-1.060107	,	2.702221	,	-0.006185	,	0.449818	,	-637.145519	,	2.082175	,	842.884164	,	-16.692188	,	0.412844	,
08-07-2020,11:44:09,	-0.017231	,	-0.306177	,	-0.014464	,	-0.012599	,	-1.065589	,	2.705579	,	-0.004694	,	0.448862	,	-637.139671	,	2.945182	,	832.622906	,	-16.138293	,	0.412484	,
08-07-2020,11:44:10,	-0.017366	,	-0.313973	,	-0.017837	,	-0.017858	,	-1.062249	,	2.702557	,	-0.006596	,	0.447184	,	-637.133823	,	2.732146	,	839.477669	,	-16.256089	,	0.413386	,
08-07-2020,11:44:11,	-0.017719	,	-0.313896	,	-0.013855	,	-0.016479	,	-1.066548	,	2.706180	,	-0.008381	,	0.450996	,	-637.153455	,	2.560045	,	845.437678	,	-15.870535	,	0.413577	,
08-07-2020,11:44:12,	-0.018518	,	-0.316874	,	-0.010968	,	-0.013453	,	-1.065789	,	2.702639	,	-0.009762	,	0.448934	,	-637.158886	,	2.435565	,	831.374345	,	-15.609879	,	0.413092	,
08-07-2020,11:44:13,	-0.013695	,	-0.315149	,	-0.012355	,	-0.012633	,	-1.058229	,	2.706041	,	-0.009169	,	0.449743	,	-637.095392	,	2.726715	,	846.589328	,	-16.709314	,	0.413418	,
08-07-2020,11:44:14,	-0.021340	,	-0.314500	,	-0.013507	,	-0.016641	,	-1.058283	,	2.707748	,	-0.010076	,	0.447869	,	-637.128392	,	2.635653	,	835.230724	,	-15.868029	,	0.414693	,
08-07-2020,11:44:15,	-0.015808	,	-0.316936	,	-0.013769	,	-0.014852	,	-1.060068	,	2.711809	,	-0.007633	,	0.448874	,	-637.121709	,	2.349933	,	844.487786	,	-15.780726	,	0.414591	,
08-07-2020,11:44:16,	-0.013677	,	-0.318998	,	-0.014196	,	-0.017133	,	-1.059179	,	2.712995	,	-0.006977	,	0.448865	,	-637.115443	,	2.948106	,	832.864765	,	-16.092344	,	0.414737	,
08-07-2020,11:44:17,	-0.018864	,	-0.314422	,	-0.020624	,	-0.014133	,	-1.065369	,	2.706630	,	-0.007081	,	0.447330	,	-637.139253	,	2.783943	,	847.293184	,	-16.836718	,	0.414665	,
08-07-2020,11:44:18,	-0.015000	,	-0.313914	,	-0.012489	,	-0.014519	,	-1.065199	,	2.710671	,	-0.006194	,	0.447850	,	-637.116696	,	1.948088	,	842.433028	,	-16.247317	,	0.415334	,
08-07-2020,11:44:18,	-0.017510	,	-0.308557	,	-0.010239	,	-0.014616	,	-1.057933	,	2.709537	,	-0.007995	,	0.446404	,	-637.124633	,	1.886265	,	831.379776	,	-16.356760	,	0.415216	,
08-07-2020,11:44:19,	-0.020198	,	-0.313858	,	-0.012930	,	-0.016672	,	-1.051666	,	2.704330	,	-0.005504	,	0.448134	,	-637.138000	,	2.042074	,	838.972647	,	-15.946978	,	0.415033	,
08-07-2020,11:44:20,	-0.013922	,	-0.312055	,	-0.011639	,	-0.012741	,	-1.054125	,	2.705818	,	-0.012519	,	0.446340	,	-637.124633	,	1.884594	,	825.594373	,	-16.552252	,	0.414696	,
08-07-2020,11:44:21,	-0.015727	,	-0.305095	,	-0.012458	,	-0.011868	,	-1.054385	,	2.716603	,	-0.011277	,	0.447304	,	-637.146772	,	3.049194	,	848.486606	,	-16.681745	,	0.414571	,
08-07-2020,11:44:22,	-0.016690	,	-0.312551	,	-0.012924	,	-0.011958	,	-1.053103	,	2.705649	,	-0.009530	,	0.445194	,	-637.141759	,	2.372072	,	828.459922	,	-16.061850	,	0.414145	,
08-07-2020,11:44:23,	-0.014809	,	-0.305668	,	-0.009570	,	-0.015631	,	-1.063396	,	2.709766	,	-0.012380	,	0.447072	,	-637.138417	,	3.543355	,	844.397559	,	-15.943636	,	0.415786	,
08-07-2020,11:44:24,	-0.019670	,	-0.310421	,	-0.013559	,	-0.014982	,	-1.061923	,	2.709280	,	-0.007135	,	0.447578	,	-637.133405	,	2.293959	,	850.885982	,	-16.388089	,	0.416327	,
08-07-2020,11:44:25,	-0.013287	,	-0.312109	,	-0.013470	,	-0.012169	,	-1.058357	,	2.694891	,	-0.004882	,	0.447194	,	-637.143848	,	2.824461	,	838.699041	,	-17.142488	,	0.415894	,
08-07-2020,11:44:26,	-0.015193	,	-0.309511	,	-0.013016	,	-0.014019	,	-1.064029	,	2.698467	,	-0.010860	,	0.443838	,	-637.146354	,	2.669488	,	829.013400	,	-16.057673	,	0.415941	,
08-07-2020,11:44:27,	-0.016906	,	-0.313578	,	-0.009397	,	-0.013679	,	-1.065015	,	2.688981	,	-0.008713	,	0.446800	,	-637.142177	,	3.049612	,	830.604072	,	-16.659188	,	0.416780	,
08-07-2020,11:44:28,	-0.015920	,	-0.311941	,	-0.013525	,	-0.013129	,	-1.064263	,	2.690061	,	-0.007986	,	0.445622	,	-637.127139	,	2.707500	,	836.838105	,	-16.739390	,	0.416558	,
08-07-2020,11:44:28,	-0.016848	,	-0.312767	,	-0.011309	,	-0.014728	,	-1.063005	,	2.696733	,	-0.007130	,	0.444201	,	-637.158468	,	2.314845	,	822.507015	,	-16.746073	,	0.416695	,
08-07-2020,11:44:29,	-0.016426	,	-0.313247	,	-0.012444	,	-0.015029	,	-1.057278	,	2.701647	,	-0.005143	,	0.446563	,	-637.116278	,	2.441413	,	844.174079	,	-16.457430	,	0.417195	,
08-07-2020,11:44:30,	-0.014843	,	-0.311004	,	-0.009263	,	-0.018262	,	-1.057140	,	2.704214	,	-0.010669	,	0.446101	,	-637.120038	,	2.394211	,	834.484260	,	-16.041382	,	0.416671	,
08-07-2020,11:44:31,	-0.017505	,	-0.309639	,	-0.011309	,	-0.015265	,	-1.056480	,	2.704416	,	-0.006908	,	0.443880	,	-637.139253	,	2.946853	,	827.390981	,	-15.917320	,	0.416745	,
08-07-2020,11:44:32,	-0.020076	,	-0.317491	,	-0.013053	,	-0.014659	,	-1.049534	,	2.702013	,	-0.004272	,	0.443694	,	-637.148443	,	2.841170	,	831.770760	,	-15.908548	,	0.417697	,
08-07-2020,11:44:33,	-0.016313	,	-0.312286	,	-0.013926	,	-0.014714	,	-1.051081	,	2.693927	,	-0.006872	,	0.443527	,	-637.132987	,	2.449350	,	821.583856	,	-15.781979	,	0.418083	,
08-07-2020,11:44:34,	-0.018148	,	-0.314925	,	-0.014385	,	-0.014474	,	-1.052003	,	2.704697	,	-0.004135	,	0.444836	,	-637.147190	,	2.471907	,	845.908447	,	-15.557246	,	0.418832	,
08-07-2020,11:44:35,	-0.013424	,	-0.308993	,	-0.011170	,	-0.013491	,	-1.055248	,	2.696651	,	-0.009618	,	0.443882	,	-637.155126	,	2.192871	,	846.786491	,	-16.657935	,	0.418531	,
08-07-2020,11:44:36,	-0.014456	,	-0.312033	,	-0.017315	,	-0.012233	,	-1.051765	,	2.694517	,	-0.010749	,	0.443928	,	-637.138417	,	2.487362	,	843.588438	,	-15.809548	,	0.418184	,
08-07-2020,11:44:37,	-0.015300	,	-0.311449	,	-0.015799	,	-0.016297	,	-1.054682	,	2.690411	,	-0.005356	,	0.441365	,	-637.146772	,	2.527046	,	829.512573	,	-16.163774	,	0.417736	,
08-07-2020,11:44:38,	-0.015417	,	-0.311727	,	-0.010354	,	-0.017770	,	-1.055703	,	2.699857	,	-0.006450	,	0.443240	,	-637.135493	,	2.500729	,	843.841993	,	-15.721827	,	0.418431	,
08-07-2020,11:44:39,	-0.015698	,	-0.311707	,	-0.013441	,	-0.016929	,	-1.058304	,	2.694956	,	-0.012638	,	0.442145	,	-637.125468	,	2.568818	,	843.528286	,	-15.758169	,	0.418109	,
08-07-2020,11:44:40,	-0.013978	,	-0.311730	,	-0.013517	,	-0.017761	,	-1.056308	,	2.691589	,	-0.009917	,	0.443027	,	-637.116278	,	2.639830	,	849.272335	,	-15.553069	,	0.419622	,
08-07-2020,11:44:41,	-0.016863	,	-0.314826	,	-0.012903	,	-0.015581	,	-1.059743	,	2.694633	,	-0.006158	,	0.440583	,	-637.155962	,	2.917613	,	831.870595	,	-15.523411	,	0.418278	,
08-07-2020,11:44:42,	-0.014861	,	-0.309583	,	-0.014068	,	-0.019099	,	-1.055153	,	2.694222	,	-0.013192	,	0.441679	,	-637.116696	,	1.631039	,	834.722778	,	-15.620739	,	0.419553	,
08-07-2020,11:44:42,	-0.016289	,	-0.312251	,	-0.018962	,	-0.015271	,	-1.059961	,	2.700240	,	-0.007851	,	0.443011	,	-637.133823	,	2.576337	,	842.056246	,	-15.455323	,	0.420117	,
08-07-2020,11:44:43,	-0.016464	,	-0.308030	,	-0.012969	,	-0.015144	,	-1.060291	,	2.706784	,	-0.010440	,	0.439072	,	-637.154291	,	3.889644	,	829.879748	,	-15.483310	,	0.419057	,
08-07-2020,11:44:44,	-0.018511	,	-0.305951	,	-0.014472	,	-0.015006	,	-1.060639	,	2.709340	,	-0.008931	,	0.441062	,	-637.138000	,	2.872499	,	836.789232	,	-15.403526	,	0.418873	,
08-07-2020,11:44:45,	-0.018713	,	-0.309639	,	-0.011070	,	-0.013567	,	-1.058946	,	2.699568	,	-0.011181	,	0.441394	,	-637.151367	,	3.378356	,	837.859427	,	-15.621993	,	0.419780	,
08-07-2020,11:44:46,	-0.017142	,	-0.309051	,	-0.015523	,	-0.015950	,	-1.064345	,	2.693809	,	-0.010844	,	0.439900	,	-637.154291	,	3.622722	,	844.656126	,	-15.556829	,	0.419568	,
08-07-2020,11:44:47,	-0.015866	,	-0.305744	,	-0.009531	,	-0.011986	,	-1.057107	,	2.690063	,	-0.010406	,	0.439862	,	-637.138417	,	2.769740	,	829.239385	,	-15.230173	,	0.420386	,
08-07-2020,11:44:48,	-0.016645	,	-0.308707	,	-0.012340	,	-0.013437	,	-1.064734	,	2.700331	,	-0.008156	,	0.440247	,	-637.157633	,	3.923061	,	850.771527	,	-15.256907	,	0.419977	,
08-07-2020,11:44:49,	-0.014001	,	-0.306119	,	-0.009274	,	-0.015272	,	-1.064224	,	2.693599	,	-0.009652	,	0.440222	,	-637.139253	,	3.187041	,	850.476200	,	-15.821244	,	0.420041	,
08-07-2020,11:44:50,	-0.016765	,	-0.307974	,	-0.014039	,	-0.013341	,	-1.056875	,	2.683312	,	-0.005058	,	0.438045	,	-637.149696	,	2.743006	,	827.048869	,	-15.696347	,	0.421212	,
08-07-2020,11:44:51,	-0.016818	,	-0.309635	,	-0.013417	,	-0.014129	,	-1.056979	,	2.692514	,	-0.007530	,	0.438470	,	-637.111683	,	2.702488	,	840.538674	,	-15.706790	,	0.420802	,
08-07-2020,11:44:52,	-0.017029	,	-0.307825	,	-0.010299	,	-0.015523	,	-1.064305	,	2.695869	,	-0.002601	,	0.437320	,	-637.143848	,	2.053771	,	826.232647	,	-15.693005	,	0.420829	,
08-07-2020,11:44:53,	-0.014723	,	-0.306139	,	-0.011592	,	-0.017602	,	-1.057964	,	2.693919	,	-0.005790	,	0.438148	,	-637.127975	,	2.197466	,	843.043315	,	-15.821662	,	0.421525	,
08-07-2020,11:44:54,	-0.016881	,	-0.303934	,	-0.015972	,	-0.011749	,	-1.055317	,	2.696082	,	-0.009119	,	0.437326	,	-637.121291	,	3.074257	,	822.718380	,	-15.741460	,	0.422185	,
08-07-2020,11:44:55,	-0.018592	,	-0.302207	,	-0.012531	,	-0.016724	,	-1.060776	,	2.698578	,	-0.004497	,	0.438914	,	-637.132152	,	2.546261	,	837.199849	,	-15.300767	,	0.421385	,
08-07-2020,11:44:56,	-0.016535	,	-0.300935	,	-0.012523	,	-0.014701	,	-1.061045	,	2.703565	,	-0.009633	,	0.436729	,	-637.148443	,	2.434730	,	827.535093	,	-15.422323	,	0.421969	,
08-07-2020,11:44:56,	-0.016190	,	-0.303312	,	-0.018311	,	-0.017198	,	-1.060385	,	2.694376	,	-0.005758	,	0.435052	,	-637.142177	,	2.057948	,	827.639105	,	-15.164591	,	0.422519	,
08-07-2020,11:44:57,	-0.015703	,	-0.310479	,	-0.016507	,	-0.015199	,	-1.057394	,	2.692592	,	-0.010592	,	0.436896	,	-637.138835	,	2.254693	,	837.719909	,	-15.857168	,	0.421749	,
08-07-2020,11:44:58,	-0.017005	,	-0.305250	,	-0.009769	,	-0.016365	,	-1.063872	,	2.689518	,	-0.011647	,	0.437582	,	-637.114608	,	2.439743	,	839.806413	,	-15.704701	,	0.422523	,
08-07-2020,11:44:59,	-0.017359	,	-0.305645	,	-0.017797	,	-0.015626	,	-1.059431	,	2.697300	,	-0.011816	,	0.437692	,	-637.137582	,	2.400059	,	839.850274	,	-15.471614	,	0.422578	,
08-07-2020,11:45:00,	-0.009944	,	-0.295606	,	-0.006368	,	-0.020042	,	-0.770898	,	2.214836	,	-0.006959	,	0.436699	,	-637.098317	,	2.977346	,	241.028919	,	-15.918573	,	0.421700	,
08-07-2020,11:45:01,	-0.017158	,	-0.241754	,	-0.010745	,	-0.021284	,	-0.600996	,	1.847820	,	-0.008980	,	0.439016	,	-637.116696	,	2.840752	,	323.718407	,	-15.706790	,	0.421363	,
08-07-2020,11:45:02,	-0.021305	,	-0.238411	,	-0.006709	,	-0.015761	,	-0.485662	,	1.592382	,	-0.010112	,	0.441764	,	-637.107089	,	1.926366	,	244.541932	,	-16.431531	,	0.421032	,
08-07-2020,11:45:03,	-0.015146	,	-0.243519	,	-0.009308	,	-0.015954	,	-0.490747	,	1.548318	,	-0.000022	,	0.441953	,	-637.090380	,	3.095978	,	242.800881	,	-15.648309	,	0.419888	,
08-07-2020,11:45:04,	-0.019775	,	-0.238319	,	-0.008482	,	-0.015384	,	-0.494993	,	1.518455	,	-0.008493	,	0.443011	,	-637.093304	,	2.369148	,	254.974455	,	-15.983319	,	0.419348	,
08-07-2020,11:45:05,	-0.019883	,	-0.239282	,	-0.008143	,	-0.016048	,	-0.496408	,	1.490039	,	-0.002177	,	0.444490	,	-637.096646	,	2.900904	,	253.909272	,	-15.784485	,	0.417556	,
08-07-2020,11:45:06,	-0.022961	,	-0.242504	,	-0.008033	,	-0.014787	,	-0.497090	,	1.473659	,	-0.006578	,	0.445394	,	-637.111266	,	3.659899	,	250.786408	,	-16.643315	,	0.416941	,
08-07-2020,11:45:07,	-0.017898	,	-0.241788	,	-0.009733	,	-0.016648	,	-0.500115	,	1.474461	,	-0.007171	,	0.445440	,	-637.097899	,	2.165301	,	251.292265	,	-16.009218	,	0.415729	,
08-07-2020,11:45:07,	-0.019987	,	-0.233615	,	-0.010952	,	-0.018276	,	-0.509776	,	1.465514	,	-0.007161	,	0.447561	,	-637.095392	,	3.109345	,	251.133532	,	-16.153331	,	0.420232	,
08-07-2020,11:45:08,	-0.016978	,	-0.229984	,	-0.007527	,	-0.019542	,	-0.515580	,	1.466535	,	-0.008554	,	0.446012	,	-637.159303	,	2.625627	,	252.220436	,	-17.159615	,	0.420198	,
08-07-2020,11:45:09,	-0.017570	,	-0.218722	,	-0.009486	,	-0.020335	,	-0.519372	,	1.457209	,	-0.006699	,	0.446004	,	-637.087874	,	2.366224	,	250.790167	,	-16.463696	,	0.420571	,
08-07-2020,11:45:10,	0.001305	,	-0.195124	,	0.001935	,	0.002457	,	-0.517536	,	1.460390	,	0.003005	,	0.443660	,	-637.097063	,	2.936828	,	248.589626	,	-15.327083	,	0.422161	,
08-07-2020,11:45:11,	0.001236	,	-0.194098	,	0.001746	,	0.001206	,	-0.523892	,	1.453926	,	0.000832	,	0.443910	,	-637.096646	,	2.458958	,	248.105490	,	-14.922314	,	0.422792	,
08-07-2020,11:45:12,	0.001682	,	-0.189412	,	0.000983	,	-0.000451	,	-0.524806	,	1.451877	,	0.001892	,	0.442693	,	-637.102494	,	2.356617	,	243.506408	,	-15.278210	,	0.423568	,
08-07-2020,11:45:13,	0.001328	,	-0.185928	,	0.001143	,	0.000432	,	-0.525843	,	1.440334	,	0.004153	,	0.441670	,	-637.098317	,	3.220459	,	238.538063	,	-15.627423	,	0.424166	,
08-07-2020,11:45:14,	0.000867	,	-0.179472	,	0.001327	,	0.000214	,	-0.518990	,	1.412146	,	0.001858	,	0.441028	,	-637.094557	,	3.215864	,	229.765136	,	-15.849649	,	0.424930	,
08-07-2020,11:45:15,	0.000757	,	-0.172068	,	0.001642	,	0.000975	,	-0.494948	,	1.363886	,	0.001144	,	0.440421	,	-637.104165	,	2.995726	,	206.580082	,	-15.284058	,	0.425941	,
08-07-2020,11:45:16,	0.001004	,	-0.159245	,	0.001345	,	0.000573	,	-0.434211	,	1.239427	,	0.000544	,	0.438612	,	-637.101658	,	2.435148	,	150.257411	,	-15.492918	,	0.426745	,
08-07-2020,11:45:17,	0.001200	,	-0.140533	,	0.001343	,	0.001786	,	-0.303281	,	1.005189	,	0.000585	,	0.438446	,	-637.105835	,	3.136079	,	64.672297	,	-15.698435	,	0.427456	,
08-07-2020,11:45:18,	0.000697	,	-0.120163	,	0.001752	,	0.000450	,	-0.169321	,	0.724581	,	0.002689	,	0.439107	,	-637.106253	,	3.037916	,	-2.295933	,	-15.697182	,	0.427693	,
08-07-2020,11:45:19,	0.000656	,	-0.116836	,	0.001639	,	0.001325	,	0.000964	,	0.458112	,	0.003014	,	0.439627	,	-637.106253	,	3.215028	,	-33.987409	,	-15.267767	,	0.428003	,
08-07-2020,11:45:20,	0.001164	,	-0.114826	,	0.002032	,	0.000711	,	0.001323	,	0.264658	,	0.001413	,	0.439334	,	-637.097063	,	3.243851	,	-36.422291	,	-15.157907	,	0.428018	,
08-07-2020,11:45:20,	0.001467	,	-0.118455	,	0.001786	,	0.001990	,	0.001325	,	0.160786	,	0.002469	,	0.438696	,	-637.097063	,	3.046688	,	-25.663530	,	-15.121983	,	0.428099	,
08-07-2020,11:45:21,	0.001222	,	-0.160599	,	0.001665	,	0.002040	,	0.001631	,	0.098035	,	-0.000354	,	0.439266	,	-637.096228	,	2.915942	,	0.438453	,	-15.507955	,	0.428079	,
08-07-2020,11:45:22,	0.001343	,	-0.186493	,	0.001495	,	0.000870	,	0.062188	,	0.064291	,	0.002623	,	0.440421	,	-637.100823	,	2.959384	,	0.757590	,	-15.348805	,	0.428499	,
08-07-2020,11:45:23,	0.001274	,	-0.208912	,	0.001809	,	0.001200	,	0.065637	,	0.001446	,	0.000695	,	0.439819	,	-637.108759	,	2.715437	,	1.230029	,	-15.396842	,	0.428664	,
08-07-2020,11:45:24,	0.001180	,	-0.220760	,	0.001673	,	0.000721	,	0.065345	,	0.001168	,	0.003128	,	0.439059	,	-637.095810	,	2.396718	,	0.650236	,	-15.358412	,	0.428871	,
08-07-2020,11:45:25,	0.001139	,	-0.212388	,	0.002048	,	0.001398	,	0.065102	,	0.001345	,	0.002376	,	0.439956	,	-637.109595	,	2.287275	,	-0.744526	,	-16.045559	,	0.429067	,
08-07-2020,11:45:26,	0.001252	,	-0.198869	,	0.002003	,	0.002311	,	0.001521	,	0.001147	,	0.002866	,	0.440942	,	-637.112101	,	2.940169	,	1.067537	,	-15.204692	,	0.429207	,
08-07-2020,11:45:27,	0.001209	,	-0.219065	,	0.001392	,	0.000446	,	0.001555	,	0.000973	,	0.003461	,	0.440125	,	-637.109595	,	2.591374	,	0.858260	,	-15.074364	,	0.429530	,
08-07-2020,11:45:28,	0.001058	,	-0.218769	,	0.001833	,	0.000481	,	0.001027	,	0.001100	,	0.002704	,	0.439053	,	-637.099152	,	2.766816	,	0.984829	,	-15.002934	,	0.429770	,
08-07-2020,11:45:29,	0.001094	,	-0.185393	,	0.001251	,	0.001499	,	0.001207	,	0.001060	,	0.001808	,	0.439332	,	-637.103329	,	3.123548	,	0.959765	,	-15.359665	,	0.429763	,
08-07-2020,11:45:30,	0.001103	,	-0.161400	,	0.001542	,	0.000733	,	0.001391	,	0.001119	,	0.002374	,	0.440470	,	-637.098317	,	2.863727	,	1.338219	,	-15.886826	,	0.430076	,
08-07-2020,11:45:30,	0.000955	,	-0.152814	,	0.001817	,	0.000713	,	0.001261	,	0.001299	,	0.002446	,	0.440293	,	-637.097481	,	2.430135	,	0.356162	,	-15.685068	,	0.430206	,
08-07-2020,11:45:31,	0.001215	,	-0.127784	,	0.001253	,	0.000172	,	0.001059	,	0.001231	,	0.001505	,	0.439462	,	-637.089127	,	2.596387	,	1.393357	,	-15.986661	,	0.430369	,
08-07-2020,11:45:32,	0.000995	,	-0.103939	,	0.001287	,	0.001306	,	-0.062424	,	0.001168	,	0.002024	,	0.439819	,	-637.104582	,	2.347009	,	1.737558	,	-14.708024	,	0.430434	,
08-07-2020,11:45:33,	0.001227	,	-0.106932	,	0.001335	,	0.000621	,	-0.058443	,	0.001063	,	0.002055	,	0.440867	,	-637.093304	,	2.923043	,	0.056658	,	-15.599436	,	0.430561	,
08-07-2020,11:45:34,	0.000935	,	-0.116980	,	0.002064	,	0.001743	,	0.001416	,	0.001174	,	0.001600	,	0.440201	,	-637.106253	,	2.976093	,	0.943892	,	-15.366767	,	0.430829	,
08-07-2020,11:45:35,	0.001357	,	-0.128563	,	0.002208	,	0.001330	,	0.001826	,	0.001100	,	0.002451	,	0.439301	,	-637.105835	,	1.804393	,	1.924695	,	-15.397260	,	0.430896	,
08-07-2020,11:45:36,	0.001171	,	-0.152621	,	0.001592	,	0.000951	,	0.001097	,	0.001445	,	0.002423	,	0.439724	,	-637.096646	,	2.755538	,	1.869974	,	-15.141199	,	0.431071	,
08-07-2020,11:45:37,	0.001317	,	-0.171167	,	0.001872	,	0.001206	,	0.001379	,	0.001181	,	0.000758	,	0.440919	,	-637.102076	,	2.563805	,	1.655685	,	-15.523829	,	0.431254	,
08-07-2020,11:45:38,	0.001105	,	-0.170749	,	0.001846	,	0.001905	,	0.001272	,	0.001441	,	0.002152	,	0.440694	,	-637.108342	,	2.809006	,	1.902556	,	-15.262755	,	0.431248	,
08-07-2020,11:45:39,	0.001308	,	-0.166436	,	0.002179	,	0.002149	,	0.001521	,	0.001282	,	0.002217	,	0.439776	,	-637.106671	,	2.611425	,	1.863709	,	-15.165008	,	0.431480	,
08-07-2020,11:45:40,	0.001016	,	-0.168619	,	0.001809	,	0.000670	,	0.001159	,	0.001190	,	0.000684	,	0.440407	,	-637.108759	,	1.736304	,	1.983594	,	-16.050572	,	0.431491	,
08-07-2020,11:45:40,	0.001288	,	-0.156220	,	0.002203	,	0.001278	,	0.001373	,	0.001089	,	0.001921	,	0.441156	,	-637.106671	,	2.666981	,	1.042474	,	-16.144559	,	0.431695	,
08-07-2020,11:45:41,	0.000863	,	-0.147884	,	0.001964	,	0.000769	,	0.001150	,	0.000874	,	0.001882	,	0.440715	,	-637.107089	,	2.852449	,	1.696621	,	-15.106528	,	0.431738	,
08-07-2020,11:45:42,	0.001245	,	-0.135184	,	0.002017	,	0.001155	,	0.001341	,	0.001353	,	0.002361	,	0.439643	,	-637.099152	,	2.228795	,	1.149827	,	-15.963269	,	0.432110	,
08-07-2020,11:45:43,	0.001366	,	-0.121636	,	0.001634	,	0.001440	,	0.000852	,	0.001397	,	0.001301	,	0.439658	,	-637.114608	,	2.980688	,	1.544572	,	-15.965775	,	0.432236	,
08-07-2020,11:45:44,	0.001400	,	-0.124201	,	0.001592	,	0.001516	,	0.001310	,	0.001289	,	0.002161	,	0.440692	,	-637.090380	,	2.238402	,	1.906734	,	-15.280717	,	0.432291	,
08-07-2020,11:45:45,	0.001270	,	-0.115260	,	0.001891	,	0.001698	,	0.001422	,	0.001165	,	0.001837	,	0.440725	,	-637.101658	,	2.583855	,	1.171131	,	-15.978724	,	0.432445	,
08-07-2020,11:45:46,	0.001274	,	-0.111800	,	0.001893	,	0.000684	,	0.001364	,	0.001188	,	0.001997	,	0.439907	,	-637.098317	,	3.062979	,	1.805646	,	-16.512986	,	0.432614	,
08-07-2020,11:45:47,	0.001002	,	-0.120895	,	0.002077	,	0.001386	,	0.001510	,	0.001140	,	0.001741	,	0.439702	,	-637.102911	,	2.372072	,	2.133555	,	-15.963686	,	0.432835	,
08-07-2020,11:45:48,	0.001296	,	-0.129966	,	0.002190	,	0.001085	,	0.001577	,	0.001202	,	0.002657	,	0.440697	,	-637.120456	,	3.205838	,	1.220004	,	-16.160432	,	0.432951	,
08-07-2020,11:45:49,	0.001279	,	-0.138725	,	0.001442	,	0.001245	,	0.001308	,	0.001338	,	0.001563	,	0.440687	,	-637.106253	,	2.171985	,	2.069644	,	-15.875130	,	0.433122	,
08-07-2020,11:45:50,	0.001436	,	-0.144284	,	0.001964	,	0.000955	,	0.001043	,	0.001201	,	0.002367	,	0.439731	,	-637.101658	,	2.493628	,	1.989860	,	-15.363007	,	0.433356	,
08-07-2020,11:45:50,	0.001059	,	-0.155964	,	0.001322	,	0.001710	,	0.001507	,	0.001049	,	0.004146	,	0.439688	,	-637.102494	,	2.028290	,	1.108056	,	-15.343792	,	0.433409	,
08-07-2020,11:45:51,	0.001058	,	-0.163848	,	0.001836	,	0.001312	,	0.001570	,	0.001119	,	0.002165	,	0.441331	,	-637.110848	,	3.377521	,	1.107220	,	-14.989984	,	0.433425	,
08-07-2020,11:45:52,	0.001357	,	-0.155850	,	0.002124	,	0.000968	,	0.001292	,	0.001034	,	0.000719	,	0.441366	,	-637.100823	,	2.175744	,	2.286022	,	-15.632436	,	0.433934	,
08-07-2020,11:45:53,	0.001370	,	-0.137968	,	0.001775	,	0.000868	,	0.001294	,	0.001173	,	0.001909	,	0.440343	,	-637.106253	,	2.745095	,	1.678659	,	-15.525500	,	0.433876	,
08-07-2020,11:45:54,	0.001175	,	-0.128020	,	0.002226	,	0.000793	,	0.001389	,	0.001308	,	0.001368	,	0.440251	,	-637.100823	,	2.776841	,	2.183263	,	-15.472449	,	0.433999	,
08-07-2020,11:45:55,	0.001160	,	-0.128583	,	0.001909	,	0.000996	,	0.001301	,	0.000946	,	0.002033	,	0.441004	,	-637.105000	,	2.909258	,	1.535382	,	-16.189672	,	0.433992	,
08-07-2020,11:45:56,	0.001056	,	-0.106409	,	0.001760	,	0.001004	,	0.001168	,	0.001202	,	0.001498	,	0.441003	,	-637.110848	,	2.184099	,	1.272219	,	-16.147065	,	0.434206	,
08-07-2020,11:45:57,	0.001092	,	-0.109310	,	0.001820	,	0.000885	,	0.001261	,	0.001038	,	-0.000296	,	0.440664	,	-637.102494	,	2.105568	,	1.466458	,	-16.079395	,	0.434481	,
08-07-2020,11:45:58,	0.000879	,	-0.107505	,	0.002129	,	0.001272	,	0.001371	,	0.001378	,	0.002816	,	0.439929	,	-637.099570	,	2.479844	,	2.055441	,	-15.817903	,	0.434423	,
08-07-2020,11:45:59,	0.000926	,	-0.105031	,	0.001825	,	0.001193	,	0.001557	,	0.001129	,	-0.000116	,	0.440605	,	-637.102076	,	2.618944	,	1.468547	,	-15.499601	,	0.434641	,
08-07-2020,11:46:00,	0.001370	,	-0.110495	,	0.001534	,	0.001489	,	0.001355	,	0.000982	,	0.001894	,	0.441408	,	-637.099570	,	2.486527	,	1.483167	,	-16.105293	,	0.434805	,
08-07-2020,11:46:01,	0.001292	,	-0.118304	,	0.002043	,	0.001478	,	0.001157	,	0.001143	,	0.001676	,	0.440368	,	-637.101658	,	2.353692	,	1.584255	,	-15.248552	,	0.434970	,
08-07-2020,11:46:02,	0.001099	,	-0.115810	,	0.002260	,	0.001038	,	0.001499	,	0.001300	,	0.001981	,	0.439410	,	-637.104165	,	3.255965	,	1.685343	,	-15.072693	,	0.435057	,
08-07-2020,11:46:02,	0.001218	,	-0.113630	,	0.002114	,	0.001490	,	0.001577	,	0.001396	,	0.002181	,	0.440488	,	-637.113354	,	2.588868	,	1.283497	,	-15.271109	,	0.435212	,
08-07-2020,11:46:03,	0.001407	,	-0.114851	,	0.002069	,	0.001041	,	0.001371	,	0.000957	,	-0.000336	,	0.441268	,	-637.102911	,	2.276415	,	2.262212	,	-14.896833	,	0.435520	,
08-07-2020,11:46:04,	0.000915	,	-0.107233	,	0.001930	,	0.001022	,	0.001635	,	0.001431	,	0.000820	,	0.440482	,	-637.092468	,	3.304420	,	1.312320	,	-15.604448	,	0.435717	,
08-07-2020,11:46:05,	0.001245	,	-0.101963	,	0.001786	,	0.000836	,	0.001177	,	0.000957	,	0.003171	,	0.439651	,	-637.112101	,	2.154023	,	1.565040	,	-14.432748	,	0.435806	,
08-07-2020,11:46:06,	0.001166	,	-0.083128	,	0.001752	,	0.001191	,	0.001624	,	0.001013	,	0.001746	,	0.440485	,	-637.095392	,	3.037080	,	1.269713	,	-15.002934	,	0.435946	,
08-07-2020,11:46:07,	0.001306	,	-0.086651	,	0.001340	,	0.000868	,	0.001150	,	0.001241	,	0.002704	,	0.441495	,	-637.111266	,	2.334060	,	2.367059	,	-15.147882	,	0.435939	,
08-07-2020,11:46:08,	0.001197	,	-0.102729	,	0.001461	,	0.001557	,	0.001377	,	0.001046	,	0.002258	,	0.440870	,	-637.089962	,	2.231719	,	1.612660	,	-15.300349	,	0.436139	,
08-07-2020,11:46:09,	0.001334	,	-0.118794	,	0.001917	,	0.001288	,	0.001319	,	0.001059	,	0.002734	,	0.439860	,	-637.098734	,	2.581349	,	1.781836	,	-15.444045	,	0.436236	,
08-07-2020,11:46:10,	0.001146	,	-0.110828	,	0.002444	,	0.001564	,	0.001379	,	0.001320	,	0.002105	,	0.440458	,	-637.095392	,	3.115194	,	1.352839	,	-14.979124	,	0.436408	,
08-07-2020,11:46:11,	0.001090	,	-0.093128	,	0.002274	,	0.001238	,	0.001310	,	0.001317	,	0.000996	,	0.441661	,	-637.105835	,	2.714184	,	1.891278	,	-15.197591	,	0.436611	,
08-07-2020,11:46:12,	0.001083	,	-0.086033	,	0.001880	,	0.001074	,	0.001519	,	0.001184	,	0.002684	,	0.441431	,	-637.092468	,	2.679513	,	2.079669	,	-15.052642	,	0.436749	,
08-07-2020,11:46:12,	0.001027	,	-0.074093	,	0.001678	,	0.000944	,	0.001505	,	0.001180	,	0.001018	,	0.440511	,	-637.097481	,	2.183681	,	1.344484	,	-14.789062	,	0.436960	,
08-07-2020,11:46:13,	0.001184	,	-0.058134	,	0.002108	,	0.000753	,	0.001604	,	0.001226	,	0.002634	,	0.440558	,	-637.107506	,	2.293123	,	1.975657	,	-15.728093	,	0.436932	,
08-07-2020,11:46:14,	0.000991	,	0.001040	,	0.001610	,	0.001458	,	0.001319	,	0.001424	,	0.001685	,	0.441588	,	-637.106253	,	2.822790	,	1.415914	,	-15.755245	,	0.437255	,
08-07-2020,11:46:15,	0.001371	,	0.001260	,	0.002444	,	0.000852	,	0.074818	,	0.001367	,	0.000389	,	0.440704	,	-637.099570	,	3.248446	,	2.005315	,	-14.592734	,	0.437342	,
08-07-2020,11:46:16,	0.001444	,	0.001059	,	0.001888	,	0.001040	,	0.092124	,	0.001302	,	0.000881	,	0.440024	,	-637.109595	,	2.564223	,	1.828620	,	-14.723062	,	0.437255	,
08-07-2020,11:46:17,	0.001150	,	0.001364	,	0.002263	,	0.001072	,	0.109806	,	0.001020	,	0.002284	,	0.440421	,	-637.101241	,	3.038333	,	1.750507	,	-15.857168	,	0.437473	,
08-07-2020,11:46:18,	0.001409	,	0.000924	,	0.001925	,	0.001260	,	0.088763	,	0.001369	,	0.002213	,	0.441166	,	-637.096646	,	2.070897	,	1.815253	,	-14.871352	,	0.437513	,
08-07-2020,11:46:19,	0.001148	,	0.000937	,	0.002460	,	0.001213	,	0.081872	,	0.001126	,	0.001496	,	0.441061	,	-637.096646	,	3.068409	,	1.386674	,	-16.122002	,	0.437750	,
08-07-2020,11:46:20,	0.001025	,	0.001215	,	0.002017	,	0.001141	,	0.075345	,	0.001056	,	0.002756	,	0.440485	,	-637.108759	,	3.054207	,	2.273491	,	-15.120730	,	0.437841	,
08-07-2020,11:46:21,	0.000982	,	0.001350	,	0.001495	,	0.001151	,	0.083058	,	0.001222	,	0.002738	,	0.440063	,	-637.107089	,	3.468583	,	2.073403	,	-15.260248	,	0.438082	,
08-07-2020,11:46:22,	0.001142	,	0.001043	,	0.001733	,	0.000996	,	0.073464	,	0.001115	,	0.002563	,	0.440931	,	-637.102494	,	3.396736	,	1.304383	,	-16.174634	,	0.438329	,
08-07-2020,11:46:23,	0.000969	,	0.001041	,	0.001849	,	0.000980	,	0.078116	,	0.001182	,	0.001779	,	0.441706	,	-637.097063	,	2.050429	,	1.097613	,	-15.751903	,	0.438398	,
08-07-2020,11:46:23,	0.001099	,	0.001204	,	0.001773	,	0.001025	,	0.061833	,	0.001369	,	0.002693	,	0.440543	,	-637.110013	,	2.301895	,	2.379591	,	-15.682980	,	0.438511	,
08-07-2020,11:46:24,	0.000757	,	0.001187	,	0.001676	,	0.001316	,	0.001564	,	0.001275	,	0.001222	,	0.440172	,	-637.099987	,	2.381680	,	1.921771	,	-15.272362	,	0.438661	,
08-07-2020,11:46:25,	0.001106	,	0.000984	,	0.002124	,	0.001287	,	0.001159	,	0.001041	,	0.001076	,	0.441518	,	-637.094557	,	2.436401	,	1.921354	,	-15.389741	,	0.438628	,
08-07-2020,11:46:26,	0.001162	,	0.001054	,	0.001681	,	0.001180	,	0.001207	,	0.001096	,	0.002248	,	0.441763	,	-637.105000	,	3.235079	,	2.296465	,	-15.299514	,	0.438895	,
08-07-2020,11:46:27,	0.001144	,	0.001047	,	0.001702	,	0.000940	,	0.001862	,	0.001043	,	0.003102	,	0.440675	,	-637.098317	,	2.555868	,	2.036644	,	-15.825839	,	0.439072	,
08-07-2020,11:46:28,	0.001180	,	0.001002	,	0.001508	,	0.000863	,	0.001316	,	0.001153	,	0.001056	,	0.439833	,	-637.107924	,	2.357452	,	1.838645	,	-14.868846	,	0.439106	,
08-07-2020,11:46:29,	0.001541	,	0.000832	,	0.001830	,	0.000921	,	0.001186	,	0.001306	,	0.001554	,	0.441276	,	-637.103747	,	2.721703	,	2.608083	,	-16.094850	,	0.439301	,
08-07-2020,11:46:30,	0.001117	,	0.000906	,	0.002232	,	0.001225	,	0.001000	,	0.001209	,	0.001835	,	0.441682	,	-637.090798	,	2.170314	,	3.300243	,	-15.045959	,	0.439519	,
08-07-2020,11:46:31,	0.001243	,	0.001207	,	0.001542	,	0.000785	,	0.001233	,	0.001249	,	0.002451	,	0.440930	,	-637.099987	,	3.262230	,	1.782253	,	-15.529259	,	0.439614	,
08-07-2020,11:46:32,	0.001310	,	0.001164	,	0.001183	,	0.000949	,	0.001341	,	0.001005	,	0.001489	,	0.440103	,	-637.094139	,	3.009511	,	2.432224	,	-16.174634	,	0.439825	,
08-07-2020,11:46:33,	0.001222	,	0.000912	,	0.001558	,	0.000517	,	0.001442	,	0.001076	,	0.002388	,	0.441012	,	-637.099570	,	2.698310	,	1.202878	,	-15.096503	,	0.440208	,
08-07-2020,11:46:33,	0.001227	,	0.000993	,	0.001348	,	0.001068	,	0.001175	,	0.001047	,	0.002740	,	0.439370	,	-637.104165	,	2.729639	,	1.269295	,	-14.982465	,	0.440106	,
08-07-2020,11:46:35,	0.001546	,	0.001316	,	0.001828	,	0.001023	,	0.001382	,	0.000987	,	0.000978	,	0.440318	,	-637.096228	,	2.902992	,	1.297700	,	-15.051389	,	0.440192	,
08-07-2020,11:46:35,	0.001139	,	0.001065	,	0.001558	,	0.001352	,	0.001370	,	0.001333	,	0.002540	,	0.438902	,	-637.099152	,	3.146940	,	2.052935	,	-14.996250	,	0.440213	,
08-07-2020,11:46:36,	0.001568	,	0.000991	,	0.001568	,	0.000803	,	0.001361	,	0.001186	,	0.002484	,	0.440508	,	-637.103329	,	2.868322	,	1.352839	,	-15.822080	,	0.440496	,
08-07-2020,11:46:37,	0.001779	,	0.000693	,	0.001796	,	0.000771	,	0.062428	,	0.001304	,	0.002410	,	0.441550	,	-637.101241	,	2.857461	,	2.026201	,	-15.236856	,	0.440686	,
08-07-2020,11:46:38,	0.001370	,	0.001361	,	0.001571	,	0.001279	,	0.065019	,	0.001180	,	0.001963	,	0.441776	,	-637.101241	,	2.807753	,	1.085081	,	-15.987914	,	0.440766	,
08-07-2020,11:46:39,	0.001384	,	0.000782	,	0.001841	,	0.001200	,	0.001344	,	0.001303	,	0.000255	,	0.440442	,	-637.107924	,	3.302749	,	1.935138	,	-15.934028	,	0.440887	,
08-07-2020,11:46:40,	0.001321	,	0.001444	,	0.002053	,	0.001883	,	0.001418	,	0.001079	,	0.001728	,	0.438012	,	-637.097481	,	2.460211	,	1.372889	,	-13.989131	,	0.441184	,
08-07-2020,11:46:41,	0.001299	,	0.001040	,	0.002216	,	0.001743	,	0.001418	,	0.001108	,	0.001873	,	0.439089	,	-637.095392	,	2.332807	,	1.191182	,	-14.783631	,	0.441382	,
08-07-2020,11:46:42,	0.001359	,	0.001016	,	0.001885	,	0.001074	,	0.001526	,	0.001313	,	0.000430	,	0.441511	,	-637.108342	,	3.163231	,	2.111416	,	-15.221400	,	0.441379	,
08-07-2020,11:46:43,	0.001384	,	0.001144	,	0.001870	,	0.001608	,	0.001128	,	0.001100	,	0.001869	,	0.440664	,	-637.089127	,	2.665311	,	2.621032	,	-14.928580	,	0.441394	,
08-07-2020,11:46:44,	0.001644	,	0.001186	,	0.001788	,	0.000648	,	0.001566	,	0.000984	,	0.003259	,	0.440549	,	-637.096646	,	2.669905	,	2.076745	,	-15.365513	,	0.441743	,
08-07-2020,11:46:45,	0.001472	,	0.001085	,	0.001238	,	0.000921	,	0.000827	,	0.001304	,	0.001864	,	0.441537	,	-637.102076	,	2.616855	,	1.711659	,	-15.231843	,	0.441680	,
08-07-2020,11:46:45,	0.001164	,	-0.074847	,	0.001146	,	0.000675	,	0.001067	,	0.001130	,	0.002442	,	0.441533	,	-637.106253	,	2.593463	,	1.219169	,	-15.143705	,	0.441858	,
08-07-2020,11:46:46,	0.001413	,	-0.067191	,	0.001723	,	0.000252	,	0.000879	,	0.001275	,	0.002574	,	0.440650	,	-637.119202	,	2.500729	,	1.819848	,	-15.415640	,	0.441946	,
08-07-2020,11:46:47,	0.001373	,	0.001299	,	0.001875	,	0.000785	,	0.001781	,	0.001181	,	0.001938	,	0.440539	,	-637.100405	,	2.428464	,	1.861620	,	-15.124907	,	0.442296	,
08-07-2020,11:46:48,	0.001413	,	0.001245	,	0.001600	,	0.001326	,	0.001252	,	0.001071	,	0.003348	,	0.441444	,	-637.108759	,	2.661133	,	1.925949	,	-15.351311	,	0.442282	,
08-07-2020,11:46:49,	0.001352	,	0.001032	,	0.001820	,	0.001114	,	0.001256	,	0.001046	,	0.001844	,	0.439324	,	-637.097481	,	3.215864	,	1.890443	,	-15.426918	,	0.442377	,
08-07-2020,11:46:50,	0.001256	,	0.001416	,	0.001773	,	0.001451	,	0.001622	,	0.001140	,	0.000782	,	0.441274	,	-637.086620	,	2.565894	,	1.951847	,	-14.790315	,	0.442482	,
08-07-2020,11:46:51,	0.001078	,	0.001005	,	0.001906	,	0.001303	,	0.001016	,	0.001143	,	0.002516	,	0.440539	,	-637.101658	,	2.736740	,	1.776823	,	-16.240634	,	0.442768	,
08-07-2020,11:46:52,	0.001254	,	0.001146	,	0.001899	,	0.000758	,	0.001386	,	0.001077	,	0.001815	,	0.441106	,	-637.098734	,	3.320293	,	1.598875	,	-16.075635	,	0.442781	,
08-07-2020,11:46:53,	0.001357	,	0.000758	,	0.001925	,	0.001853	,	0.062208	,	0.001118	,	0.002522	,	0.441564	,	-637.105418	,	2.102226	,	1.726697	,	-15.299514	,	0.442805	,
08-07-2020,11:46:54,	0.001049	,	0.001020	,	0.001534	,	0.001326	,	0.069586	,	0.001032	,	0.002170	,	0.440802	,	-637.097899	,	2.491122	,	1.770975	,	-15.426083	,	0.442682	,
08-07-2020,11:46:55,	0.001397	,	0.000930	,	0.001621	,	0.000327	,	0.001543	,	0.001290	,	0.001344	,	0.440383	,	-637.112101	,	2.519527	,	2.061289	,	-15.368020	,	0.442881	,
08-07-2020,11:46:56,	0.001449	,	0.001341	,	0.001697	,	0.001197	,	0.001590	,	0.001132	,	0.002078	,	0.441196	,	-637.107924	,	2.829892	,	2.384186	,	-15.972876	,	0.442911	,
08-07-2020,11:46:56,	0.001779	,	0.001197	,	0.002292	,	0.001420	,	0.001117	,	0.001285	,	0.001820	,	0.441997	,	-637.102494	,	2.552527	,	2.018682	,	-14.700923	,	0.442906	,
08-07-2020,11:46:57,	0.001534	,	0.001027	,	0.001657	,	0.002623	,	0.001299	,	0.001176	,	0.001750	,	0.441032	,	-637.112519	,	3.432242	,	2.826132	,	-15.392247	,	0.443074	,
08-07-2020,11:46:58,	0.001260	,	0.000939	,	0.001765	,	0.000463	,	0.001137	,	0.001077	,	0.001310	,	0.440309	,	-637.107089	,	2.430135	,	2.171567	,	-15.228919	,	0.443285	,
08-07-2020,11:46:59,	0.000973	,	0.000858	,	0.001387	,	0.000385	,	0.001178	,	0.000945	,	0.001853	,	0.440856	,	-637.110430	,	3.383369	,	2.538324	,	-15.095249	,	0.443549	,
08-07-2020,11:47:00,	0.001234	,	0.001079	,	0.001822	,	0.001343	,	0.001355	,	0.001215	,	0.000910	,	0.441623	,	-637.098317	,	2.425122	,	2.782690	,	-15.586487	,	0.443484	,
08-07-2020,11:47:01,	0.001566	,	-0.077055	,	0.001419	,	0.001168	,	0.001306	,	0.001193	,	0.001768	,	0.441062	,	-637.106671	,	3.092219	,	2.002809	,	-15.042617	,	0.443569	,
08-07-2020,11:47:02,	0.001216	,	-0.078956	,	0.001956	,	0.001213	,	0.001252	,	0.001198	,	-0.000360	,	0.440320	,	-637.102076	,	2.548767	,	2.052935	,	-15.040111	,	0.443787	,
08-07-2020,11:47:03,	0.001409	,	-0.074749	,	0.001815	,	0.001523	,	0.001316	,	0.001349	,	0.001712	,	0.441092	,	-637.094975	,	2.267225	,	3.024549	,	-14.558481	,	0.443763	,
08-07-2020,11:47:04,	0.001395	,	-0.071664	,	0.001862	,	0.001627	,	0.001220	,	0.000940	,	0.000488	,	0.441581	,	-637.098734	,	3.454381	,	2.725880	,	-14.350457	,	0.443867	,
08-07-2020,11:47:05,	0.001159	,	-0.066470	,	0.001600	,	0.000910	,	0.001379	,	0.001067	,	0.002125	,	0.441293	,	-637.092468	,	2.635653	,	2.803575	,	-15.182553	,	0.443787	,
08-07-2020,11:47:06,	0.001178	,	0.001092	,	0.002085	,	0.000515	,	0.001151	,	0.001294	,	0.002444	,	0.440622	,	-637.092886	,	2.361211	,	2.984448	,	-15.452399	,	0.444081	,
08-07-2020,11:47:07,	0.001117	,	0.001575	,	0.001411	,	0.000684	,	0.001151	,	0.001281	,	0.001402	,	0.440465	,	-637.103747	,	2.755538	,	2.010746	,	-15.189236	,	0.444223	,
08-07-2020,11:47:07,	0.001150	,	0.001236	,	0.001568	,	0.000107	,	0.001312	,	0.001042	,	0.002139	,	0.440598	,	-637.100405	,	2.783943	,	1.852848	,	-15.173781	,	0.444053	,
08-07-2020,11:47:08,	0.001288	,	0.001047	,	0.001843	,	0.001705	,	0.001135	,	0.001193	,	0.001606	,	0.441495	,	-637.092468	,	2.281427	,	2.149428	,	-15.705954	,	0.444328	,
08-07-2020,11:47:09,	0.001224	,	0.001386	,	0.002051	,	0.001622	,	0.001460	,	0.001202	,	0.001945	,	0.440509	,	-637.094139	,	2.290617	,	1.381244	,	-15.970788	,	0.444482	,
08-07-2020,11:47:10,	0.001206	,	0.000995	,	0.001571	,	0.001402	,	0.001078	,	0.001087	,	0.002848	,	0.440442	,	-637.103329	,	2.407578	,	2.364135	,	-15.126578	,	0.444593	,
08-07-2020,11:47:11,	0.001278	,	0.001191	,	0.001857	,	0.000025	,	0.001629	,	0.001401	,	0.001213	,	0.441250	,	-637.109177	,	2.296465	,	2.549603	,	-15.477880	,	0.444605	,
08-07-2020,11:47:12,	0.001092	,	0.001166	,	0.001720	,	0.000515	,	0.001326	,	0.001270	,	0.001801	,	0.441026	,	-637.100823	,	2.738411	,	1.796038	,	-15.274033	,	0.444570	,
08-07-2020,11:47:13,	0.001458	,	0.000829	,	0.002124	,	0.001177	,	0.001270	,	0.001114	,	0.002606	,	0.440397	,	-637.095392	,	2.782690	,	1.855354	,	-15.446133	,	0.444986	,
08-07-2020,11:47:14,	0.001575	,	0.000942	,	0.001670	,	0.000250	,	0.001227	,	0.001094	,	-0.000113	,	0.440403	,	-637.100823	,	3.255547	,	2.496970	,	-15.094414	,	0.445016	,
08-07-2020,11:47:15,	0.001265	,	0.001344	,	0.001946	,	0.000057	,	0.001422	,	0.001228	,	0.001339	,	0.441192	,	-637.107924	,	2.559628	,	2.191618	,	-15.979142	,	0.444989	,
08-07-2020,11:47:16,	0.001638	,	0.001101	,	0.001757	,	0.000353	,	0.001285	,	0.001195	,	0.000531	,	0.441354	,	-637.105000	,	2.340325	,	2.569235	,	-15.940294	,	0.445105	,
08-07-2020,11:47:17,	0.001398	,	-0.061102	,	0.002077	,	0.000412	,	0.001409	,	0.001197	,	0.000843	,	0.440800	,	-637.097899	,	2.127289	,	1.746747	,	-15.949902	,	0.445502	,
08-07-2020,11:47:17,	0.001171	,	-0.003403	,	0.002035	,	0.002697	,	0.001440	,	0.001354	,	0.001014	,	0.440596	,	-637.092468	,	2.392123	,	2.123530	,	-15.289489	,	0.445358	,
08-07-2020,11:47:18,	0.001326	,	0.001128	,	0.002079	,	0.000203	,	0.001321	,	0.001327	,	0.000845	,	0.441006	,	-637.089544	,	2.306073	,	1.943075	,	-15.312881	,	0.445393	,
08-07-2020,11:47:19,	0.001343	,	0.001083	,	0.001796	,	0.002296	,	0.001052	,	0.000999	,	0.001471	,	0.441378	,	-637.087874	,	2.934321	,	1.053334	,	-14.106509	,	0.445432	,
08-07-2020,11:47:20,	0.001317	,	0.001114	,	0.001796	,	0.000830	,	0.001146	,	0.000941	,	0.001999	,	0.440577	,	-637.105000	,	2.369148	,	2.003644	,	-14.945288	,	0.445692	,
08-07-2020,11:47:21,	0.001074	,	0.001465	,	0.001718	,	0.000892	,	0.001346	,	0.001332	,	0.001927	,	0.440386	,	-637.101241	,	3.481115	,	1.471471	,	-15.741460	,	0.445711	,
08-07-2020,11:47:22,	0.000989	,	0.001070	,	0.001723	,	0.002459	,	0.001090	,	0.000952	,	0.002881	,	0.441247	,	-637.106253	,	2.882524	,	2.987372	,	-14.979959	,	0.445616	,
08-07-2020,11:47:23,	0.001514	,	0.001169	,	0.001689	,	0.002112	,	0.001234	,	0.001119	,	0.001941	,	0.441380	,	-637.097899	,	2.862891	,	1.885430	,	-15.111540	,	0.445762	,
08-07-2020,11:47:24,	0.001371	,	0.001357	,	0.001644	,	-0.000727	,	0.001420	,	0.001113	,	0.000286	,	0.440674	,	-637.102494	,	2.943929	,	1.758861	,	-15.040946	,	0.446159	,
08-07-2020,11:47:25,	0.001609	,	0.001085	,	0.002245	,	0.002612	,	0.001418	,	0.001003	,	0.002477	,	0.440443	,	-637.107089	,	3.400078	,	1.638558	,	-15.984990	,	0.446043	,
08-07-2020,11:47:26,	0.001433	,	0.000973	,	0.001642	,	0.001851	,	0.001290	,	0.001294	,	0.001108	,	0.441060	,	-637.092051	,	2.631893	,	2.150264	,	-15.313716	,	0.445914	,
08-07-2020,11:47:27,	0.001285	,	0.001184	,	0.001500	,	0.002028	,	0.001564	,	0.001073	,	0.000794	,	0.439123	,	-637.098734	,	2.253440	,	2.131048	,	-16.010053	,	0.446279	,
08-07-2020,11:47:28,	0.001447	,	0.001088	,	0.002059	,	0.001379	,	0.001126	,	0.001195	,	0.002103	,	0.438233	,	-637.102911	,	2.253858	,	2.222947	,	-15.349222	,	0.446368	,
08-07-2020,11:47:28,	0.001119	,	0.000977	,	0.002266	,	0.002828	,	0.001335	,	0.001321	,	0.001689	,	0.438045	,	-637.094139	,	3.248863	,	2.739664	,	-14.778201	,	0.446456	,
08-07-2020,11:47:29,	0.001339	,	0.001058	,	0.001550	,	-0.000091	,	0.001206	,	0.000987	,	0.001526	,	0.441135	,	-637.104165	,	2.343250	,	2.108909	,	-15.321653	,	0.446457	,
08-07-2020,11:47:30,	0.000940	,	0.001045	,	0.002140	,	-0.000217	,	0.001465	,	0.000899	,	0.001656	,	0.438950	,	-637.106671	,	2.918030	,	1.750089	,	-15.191742	,	0.446627	,
08-07-2020,11:47:31,	0.001123	,	0.001269	,	0.001807	,	0.000794	,	0.001573	,	0.001157	,	0.003045	,	0.441122	,	-637.099152	,	2.970245	,	2.150264	,	-15.317893	,	0.446792	,
08-07-2020,11:47:32,	0.001388	,	0.000928	,	0.001938	,	0.002671	,	0.000922	,	0.001033	,	0.003488	,	0.437708	,	-637.115443	,	3.339091	,	2.093036	,	-15.295337	,	0.446795	,
08-07-2020,11:47:33,	0.001261	,	0.001321	,	0.001148	,	0.000780	,	0.001195	,	0.001144	,	0.001887	,	0.438275	,	-637.102911	,	2.745930	,	2.083846	,	-15.175451	,	0.446758	,
08-07-2020,11:47:34,	0.001370	,	0.001528	,	0.001552	,	0.000602	,	0.001453	,	0.000971	,	0.001837	,	0.438768	,	-637.093304	,	3.101827	,	1.874152	,	-15.145793	,	0.445795	,
08-07-2020,11:47:35,	0.001283	,	0.001292	,	0.001597	,	0.002619	,	0.001301	,	0.001429	,	0.000537	,	0.438588	,	-637.094975	,	2.399224	,	2.438907	,	-14.741860	,	0.447061	,
08-07-2020,11:47:36,	0.001344	,	-0.060832	,	0.001961	,	0.000365	,	0.001133	,	0.000879	,	0.001838	,	0.438291	,	-637.112519	,	3.038333	,	1.977746	,	-15.030085	,	0.447330	,
08-07-2020,11:47:37,	0.001209	,	-0.063217	,	0.001657	,	-0.000684	,	0.001276	,	0.001198	,	0.001582	,	0.440909	,	-637.097481	,	2.680348	,	1.563369	,	-14.879289	,	0.447087	,
08-07-2020,11:47:38,	0.001164	,	-0.064869	,	0.001636	,	-0.000565	,	0.000876	,	0.001163	,	0.000144	,	0.441484	,	-637.099987	,	3.224218	,	2.462299	,	-15.908130	,	0.447262	,
08-07-2020,11:47:39,	0.001182	,	-0.063039	,	0.001537	,	0.003019	,	0.001384	,	0.001574	,	-0.000399	,	0.438776	,	-637.096228	,	3.349116	,	2.145251	,	-14.927327	,	0.447473	,
08-07-2020,11:47:39,	0.001328	,	0.001391	,	0.001796	,	0.001462	,	0.001480	,	0.001109	,	0.002116	,	0.438016	,	-637.104582	,	2.737158	,	1.866633	,	-14.634924	,	0.447643	,
08-07-2020,11:47:40,	0.001054	,	0.000987	,	0.001773	,	0.003001	,	0.001485	,	0.001146	,	0.001041	,	0.439883	,	-637.102076	,	2.481932	,	2.050011	,	-14.841694	,	0.447650	,
08-07-2020,11:47:41,	0.001178	,	0.001110	,	0.001888	,	0.002933	,	0.001745	,	0.001000	,	0.001463	,	0.439196	,	-637.105835	,	3.403837	,	1.851595	,	-15.576461	,	0.447711	,
08-07-2020,11:47:42,	0.001206	,	0.000995	,	0.001544	,	0.002563	,	0.001287	,	0.001403	,	0.002307	,	0.441282	,	-637.101241	,	2.785614	,	2.037897	,	-16.268621	,	0.447930	,
08-07-2020,11:47:43,	0.000904	,	0.000701	,	0.001988	,	0.002944	,	0.001463	,	0.001119	,	0.001889	,	0.440632	,	-637.090380	,	3.286040	,	2.455198	,	-15.253565	,	0.448132	,
08-07-2020,11:47:44,	0.001233	,	0.000473	,	0.002187	,	0.000582	,	0.000960	,	0.001269	,	0.000870	,	0.440887	,	-637.096646	,	2.744677	,	2.508666	,	-15.089401	,	0.447811	,
08-07-2020,11:47:45,	0.001393	,	0.000760	,	0.001801	,	-0.000498	,	0.001395	,	0.001144	,	0.003423	,	0.441332	,	-637.097899	,	2.406325	,	1.977328	,	-15.937370	,	0.447932	,
08-07-2020,11:47:46,	0.001577	,	0.000876	,	0.001752	,	0.000621	,	0.001204	,	0.001230	,	0.000136	,	0.441394	,	-637.109595	,	2.620615	,	2.398388	,	-15.305780	,	0.448186	,
08-07-2020,11:47:47,	0.001463	,	0.001283	,	0.001369	,	0.001370	,	0.000688	,	0.001256	,	0.001993	,	0.440703	,	-637.102911	,	2.532476	,	1.744241	,	-14.774024	,	0.448253	,
08-07-2020,11:47:48,	0.001658	,	0.001204	,	0.002069	,	0.002906	,	0.001224	,	0.001024	,	0.002320	,	0.440965	,	-637.102911	,	2.719196	,	1.950594	,	-15.064756	,	0.448201	,
08-07-2020,11:47:49,	0.001261	,	0.001150	,	0.001838	,	-0.000493	,	0.001334	,	0.001316	,	0.003209	,	0.441376	,	-637.105418	,	2.301060	,	1.953936	,	-15.097756	,	0.448409	,
08-07-2020,11:47:49,	0.001516	,	0.000493	,	0.001665	,	-0.001450	,	0.001539	,	0.001375	,	0.001078	,	0.439081	,	-637.104582	,	3.334914	,	1.933468	,	-15.939041	,	0.448736	,
08-07-2020,11:47:50,	0.001079	,	0.001281	,	0.001369	,	0.003351	,	0.001099	,	0.000664	,	0.002024	,	0.441006	,	-637.094975	,	3.403002	,	3.012017	,	-15.687157	,	0.447441	,
08-07-2020,11:47:51,	0.001251	,	0.001270	,	0.001670	,	0.001191	,	0.001114	,	0.001289	,	0.002046	,	0.441062	,	-637.094139	,	3.205421	,	1.781000	,	-15.131173	,	0.447547	,
08-07-2020,11:47:52,	0.001267	,	0.001092	,	0.001571	,	0.001972	,	0.001227	,	0.001442	,	0.004662	,	0.441239	,	-637.091215	,	2.522033	,	2.231719	,	-14.827910	,	0.448722	,
08-07-2020,11:47:53,	0.001157	,	-0.058457	,	0.001303	,	0.002643	,	0.001429	,	0.000942	,	0.001416	,	0.441269	,	-637.102076	,	2.544590	,	2.440160	,	-14.974946	,	0.448931	,
08-07-2020,11:47:54,	0.001366	,	-0.061977	,	0.001287	,	0.003755	,	0.001206	,	0.001151	,	0.004886	,	0.440968	,	-637.102911	,	3.118118	,	2.442667	,	-15.133680	,	0.447868	,
08-07-2020,11:47:55,	0.001424	,	-0.062669	,	0.001432	,	0.000782	,	0.001299	,	0.001163	,	0.000800	,	0.438667	,	-637.094139	,	3.084700	,	2.746766	,	-14.933175	,	0.447940	,
08-07-2020,11:47:56,	0.001032	,	-0.058484	,	0.002038	,	0.001132	,	0.000940	,	0.000854	,	0.000511	,	0.441469	,	-637.098734	,	2.754285	,	2.258453	,	-15.794093	,	0.448049	,
08-07-2020,11:47:57,	0.001490	,	0.001078	,	0.002205	,	0.001669	,	0.001285	,	0.001327	,	0.006083	,	0.438973	,	-637.100405	,	3.141510	,	2.709589	,	-15.135768	,	0.449305	,
08-07-2020,11:47:58,	0.001375	,	0.001238	,	0.002056	,	0.001487	,	0.000922	,	0.001073	,	0.000555	,	0.438692	,	-637.091215	,	2.876676	,	1.793532	,	-15.056819	,	0.449481	,
08-07-2020,11:47:59,	0.001204	,	0.001157	,	0.002106	,	0.001939	,	0.001011	,	0.000893	,	0.003777	,	0.440256	,	-637.090380	,	3.694987	,	1.864962	,	-15.916067	,	0.449250	,
08-07-2020,11:48:00,	0.001435	,	0.001027	,	0.001752	,	0.001916	,	0.001215	,	0.000875	,	0.002711	,	0.440676	,	-637.093722	,	2.692880	,	2.708753	,	-15.500854	,	0.448321	,
08-07-2020,11:48:01,	0.001398	,	0.001627	,	0.001912	,	0.002298	,	0.001319	,	0.001122	,	-0.002018	,	0.438796	,	-637.095810	,	2.731728	,	2.042074	,	-15.262755	,	0.449683	,
08-07-2020,11:48:01,	0.001415	,	0.000580	,	0.001468	,	0.001467	,	0.001229	,	0.001165	,	0.005609	,	0.441298	,	-637.108342	,	2.845765	,	2.243832	,	-15.285729	,	0.449972	,
08-07-2020,11:48:02,	0.001130	,	0.001332	,	0.001961	,	-0.001128	,	0.001393	,	0.001143	,	0.002850	,	0.440919	,	-637.112519	,	2.853284	,	2.037062	,	-15.678385	,	0.449692	,
08-07-2020,11:48:03,	0.001582	,	0.001097	,	0.001461	,	0.001292	,	0.001507	,	0.001178	,	0.000980	,	0.439913	,	-637.090380	,	2.686197	,	2.208744	,	-14.715961	,	0.449937	,
08-07-2020,11:48:04,	0.001032	,	0.001063	,	0.000973	,	-0.000203	,	0.001045	,	0.001037	,	0.001478	,	0.441131	,	-637.105418	,	2.771411	,	2.176580	,	-15.038857	,	0.450178	,
08-07-2020,11:48:05,	0.001283	,	0.000924	,	0.001605	,	-0.000076	,	0.001103	,	0.000982	,	0.002545	,	0.438581	,	-637.103329	,	3.166991	,	2.584691	,	-15.601524	,	0.450174	,
08-07-2020,11:48:06,	0.001478	,	0.001366	,	0.001767	,	-0.000017	,	0.001436	,	0.000886	,	0.002693	,	0.438221	,	-637.099152	,	2.845347	,	3.039586	,	-14.994579	,	0.450113	,
